3286 5112
320 467 382 526 230
692 479 789 527 LIBER
803 479 1071 532 ruuscuuuuusm

317 634 502 700 iohannem
523 635 563 701 da
584 635 744 702 Menteth¹
767 637 853 720 apud
875 636 1049 722 Glasquu,²
1068 641 1199 724 propter
1219 637 1449 723 nequissimam

318 726 352 787 et
362 741 476 804 puram
485 721 650 802 invidiam,
660 723 744 789 nulli
758 723 822 788 nisi
832 723 977 809 Anglicis
991 729 1120 790 tantum
1130 724 1271 803 nocens,8
1285 726 1333 790 nil
1347 727 1449 792 eciam

317 807 397 872 mali
410 808 446 872 in
460 829 497 873 ao
512 811 699 894 suspicans*
712 810 931 876 fraudulenter
944 817 977 876 at
990 811 1166 896 prodiciose
1187 814 1321 896 capitur,
1335 819 1369 877 et
1381 814 1449 897 regi

318 894 445 979 Angliae
465 896 625 972 traditur;
650 919 688 962 aa
708 897 746 960 in
768 897 899 963 civitate
920 898 1136 964 Londoniansi
1157 899 1401 977 demembratur,
1414 905 1448 965 at

318 982 389 1065 ejus
410 983 552 1047 mambra
565 1003 623 1068 por
636 983 762 1050 diversa
778 984 849 1049 loca
862 984 990 1069 anglia
1004 991 1038 1050 et
1051 985 1178 1064 Scooiae,
1193 985 1229 1050 iu
1243 987 1448 1072 opprobrium

319 1067 494 1147 Scotorum,
504 1069 579 1136 altis
594 1071 736 1136 turribus
752 1071 1000 1155 suspenduntur.

414 1303 577 1390 §temtor
591 1305 628 1376 aa
641 1307 845 1375 warnarium
858 1305 1029 1394 llob[rt]ti
1043 1306 1284 1393 ffltope.—OEap.
1298 1309 1354 1378 bii

156 1449 208 1488 *¹³-
222 1438 290 1490 1806·
317 1417 497 1518 ffl'NO
523 1442 658 1508 Domini
687 1456 727 1507 u⁰
742 1453 810 1508 coc⁰
827 1448 925 1520 sexto,
953 1449 1028 1530 post
1055 1449 1191 1508 mortam
1219 1445 1378 1512 Johannis
1407 1446 1447 1512 de

318 1531 447 1615 Oumyn
468 1531 580 1614 paucis
602 1529 739 1594 evolutis
754 1530 877 1608 diebus,
891 1530 978 1595 idem
992 1530 1150 1596 Robertus
1170 1531 1211 1596 de
1226 1532 1336 1615 Bnoys,
1357 1533 1449 1598 tuno⁶

317 1636 424 1681 comes
439 1616 479 1681 de
494 1617 616 1694 (larrik,
630 1617 802 1701 assumptis
817 1623 975 1701 quotquot
995 1616 1112 1683 habere
1126 1619 1240 1702 potuit,
1255 1619 1296 1683 ad
1311 1619 1445 1685 Soonam

316 1702 532 1787 properavitJ0
553 1709 595 1780 at,
609 1702 645 1766 in
660 1703 735 1768 sede
756 1703 856 1788 regali
869 1704 994 1788 positus
1015 1705 1110 1769 modo
1132 1726 1196 1789 quo
1217 1725 1306 1791 reges
1328 1707 1446 1772 Scooiae

316 1788 397 1854 alias
412 1789 557 1853 solebant
569 1789 726 1874 insigniri,
741 1797 832 1854 sexto
852 1789 926 1855 idus
940 1791 1062 1876 Aprilis
1082 1799 1260 1869 coronatus,
1274 1813 1342 1857 rem
1355 1813 1447 1878 gran-

317 1875 392 1939 dem
406 1875 572 1959 incipiens,
583 1880 616 1940 et
627 1895 723 1940 onera
736 1876 951 1960 importabilia
965 1878 1100 1963 propriis
1114 1879 1256 1944 humeris
1270 1879 1446 1964 imponens„

317 1961 404 2027 Nam
418 1968 527 2028 contra
538 1963 719 2047 potenciam
733 1963 815 2049 regie
826 1963 960 2049 Angliae,
970 1970 1004 2029 et
1018 1985 1128 2030 omnes
1139 1965 1222 2049 ejus⁷
1232 1965 1268 2029 in
1282 1966 1343 2031 hac
1356 1971 1447 2050 parta

316 2049 488 2134 complicas
514 2054 547 2115 at
568 2051 716 2128 fautores,
738 2070 804 2115 non
826 2050 931 2116 solum
952 2051 1114 2135 Angliooa,
1131 2072 1241 2136 ymmo
1267 2053 1377 2118 Scotos
1402 2052 1448 2119 et⁸

314 2137 511 2222 Anglicatos,
532 2137 674 2222 exceptis
695 2137 896 2220 paucissimis
918 2137 1001 2221 ejus⁹
1021 2139 1140 2216 amicis,
1165 2139 1222 2222 qui
1243 2139 1279 2202 in
1300 2145 1448 2224 respectu

315 2223 451 2288 aliorum
465 2224 559 2308 quasi
579 2225 616 2288 in
636 2222 795 2289 nichilum
816 2223 1118 2308 computabantur,¹⁰
1131 2224 1229 2290 velud
1242 2232 1337 2310 gutta
1355 2247 1447 2311 aquae

315 2311 351 2374 in
372 2310 524 2376 fluctibus
546 2311 652 2388 maris,
672 2311 814 2396 scipsum
834 2310 871 2374 in
892 2309 1064 2376 cartamine
1085 2312 1200 2397 posuit
1244 2313 1323 2397 Ejus
1345 2315 1447 2378 eciam

314 2395 499 2475 infortunia,
510 2397 602 2482 fugas
613 2403 647 2462 et
660 2397 810 2482 pericula,
821 2417 1000 2480 aerumpnas
1009 2403 1042 2461 et
1053 2397 1157 2476 taedia,
1168 2398 1287 2464 famem
1302 2405 1335 2465 et
1348 2400 1446 2478 sitim,

312 2483 440 2568 vigilias
455 2490 489 2549 at
499 2484 632 2567 jejunia,
646 2484 809 2550 nuditates
823 2489 856 2549 et
870 2483 995 2568 frigora,
1007 2483 1142 2550 insidias
1157 2491 1190 2550 et
1200 2485 1305 2564 exilia,
1315 2487 1446 2571 propin-

314 2591 450 2654 quorum
464 2569 566 2635 eciam
581 2577 614 2635 et
624 2571 725 2655 magis
739 2591 883 2636 carorum
897 2572 966 2655 ejus
987 2571 1155 2655 capciones
1170 2571 1227 2637 et¹¹
1240 2573 1446 2638 inoaroaraoi-

313 2676 390 2721 ones
400 2662 434 2721 at
445 2655 618 2721 occisiones
629 2660 663 2721 et
674 2657 805 2733 excidia,
816 2657 933 2740 quibus
946 2658 982 2722 in
996 2657 1154 2743 principio
1168 2679 1288 2743 guerrae
1298 2659 1445 2726 devictus

314 2747 348 2806 et
358 2742 487 2826 fugatus
502 2742 649 2826 ubique¹²
659 2744 836 2821 succubuit,
846 2745 957 2810 nullus
970 2745 1066 2809 modo
1077 2745 1199 2822 vivens,
1207 2750 1265 2810 aut
1279 2745 1445 2812 historico-

312 2849 385 2892 rum
395 2828 533 2906 libellus,
541 2829 678 2894 recolere
688 2829 741 2894 vel
754 2850 899 2896 enarrem
912 2831 1030 2915 poterit
1044 2831 1243 2898 sufficienter.
1281 2833 1445 2912 Praeterea,

312 2915 397 2979 inter
410 2921 460 2980 tot
473 2915 608 2980 adversa
622 2920 655 2981 at
668 2915 916 2981 innumerabiles
931 2919 1095 3002 angustias
1109 2939 1189 3003 quas
1210 2919 1358 2984 laetanter
1372 2941 1445 3005 par-

312 2999 416 3066 tulit¹8
423 3002 546 3067 invicto
557 3003 672 3078 animo,
681 3001 710 3066 si
720 3002 794 3086 quis
806 3023 879 3067 arros
890 3003 1097 3085 particulares
1112 3005 1278 3071 conflictus
1294 3011 1327 3071 et
1337 3007 1444 3092 singu-

312 3087 395 3152 lares
419 3088 608 3172 triumphos,
632 3087 783 3154 victoriae
808 3088 949 3153 minutas
978 3095 1012 3153 et
1040 3089 1148 3155 duella
1172 3111 1238 3156 non
1262 3099 1444 3172 memorate,

313 3174 439 3257 quibus,
453 3176 523 3239 Deo
546 3175 745 3252 concedente,
759 3175 895 3258 propriis
916 3175 1046 3254 viribus,
1067 3175 1208 3242 humana
1221 3178 1350 3256 virtute,
1370 3179 1446 3244 hos-

313 3261 397 3325 tium
418 3261 579 3327 maliciam
600 3262 778 3346 superabat,
804 3261 899 3325 sciret
919 3268 977 3325 aut
1001 3264 1233 3347 recapitularet,
1254 3271 1444 3350 praesentem

314 3347 474 3412 cronicam
498 3347 656 3432 prolixam
681 3348 777 3412 nimis
802 3352 970 3431 reputaret
1016 3349 1094 3429 Nec,
1119 3356 1158 3415 ut
1181 3371 1259 3430 reor,
1284 3354 1345 3418 sub
1370 3353 1445 3420 coeli

314 3433 442 3498 cardina
452 3435 489 3498 in
510 3439 578 3500 arte
592 3435 755 3520 pugnandi
769 3434 833 3499 hiis
848 3433 961 3499 diebus
975 3436 1057 3519 quia,
1069 3437 1216 3504 omnibus
1226 3441 1445 3520 consideratis,

313 3519 375 3584 sibi
388 3540 497 3604 parem
512 3522 688 3607 prinoipem
701 3521 867 3586 inveniret
911 3521 1035 3587 Idcirco
1057 3524 1165 3590 omnia
1178 3525 1262 3590 bona
1274 3535 1364 3612 gesta
1385 3548 1445 3593 sua

312 3606 453 3684 recitare,
467 3614 524 3672 aut
538 3607 592 3672 hic
605 3609 748 3687 inserere,
763 3608 949 3674 forcioribus
967 3609 1121 3693 relinquo.
1165 3613 1241 3677 Non
1255 3614 1342 3678 enim
1356 3634 1444 3678 coro-

312 3713 388 3758 nam
408 3694 445 3758 in
466 3695 571 3778 capita
595 3695 733 3778 recipere
755 3696 791 3759 in
813 3696 865 3760 dia
887 3697 1103 3761 coronacionis
1125 3718 1327 3784 quocumque
1349 3700 1443 3764 modo

311 3780 424 3860 voluit,
448 3781 548 3847 donec
572 3781 611 3846 de
634 3781 796 3866 sacrilegio
819 3781 1032 3848 absolucionis
1058 3783 1278 3850 beneficium¹⁴
1302 3786 1444 3870 accipere

358 3966 368 4001 ¹
381 3967 413 4018 D.
426 3965 560 4018 Monate
736 3964 788 4019 ¹0.
802 3967 832 4018 Ε.
846 3967 977 4020 Glaskew.
1016 3969 1048 4022 D.
1062 3969 1168 4023 elnon.

357 4035 565 4102 ’Altwedsrora
575 4035 708 4089 innocens.
747 4037 779 4089 D.
793 4053 851 4090 over
862 4055 973 4092 ausura

356 4104 368 4140 ⁴
380 4107 413 4159 D.
428 4107 570 4174 suspirare
736 4105 747 4141 ⁶
759 4107 788 4160 B.
802 4111 876 4160 omia
886 4113 960 4161 tnnc.
1124 4107 1137 4144 ³
1149 4111 1179 4164 G.
1192 4111 1223 4163 la
1237 4112 1406 4180 preparavit

356 4174 607 4244 ¹O.E.omitajm.
736 4175 1000 4233 mbilicum&
1123 4177 1295 4236 ἀΕειιὶιι

344 4245 367 4281 ¹⁰
379 4248 407 4300 0.
420 4249 453 4300 D.
467 4248 498 4300 Ε.
514 4247 726 4314 computabatur.
1112 4249 1133 4286 ²¹
1146 4251 1175 4306 (l.
1189 4251 1220 4304 Ε.
1233 4255 1295 4304 omit
1307 4257 1343 4306 et.

342 4315 366 4352 ¹¹
378 4317 407 4371 0.
420 4319 451 4370 Ε.
465 4320 525 4371 omit
537 4319 643 4385 ubique.
727 4315 749 4353 ¹³
761 4317 789 4370 0.
802 4317 834 4370 Ι).
848 4319 878 4370 Ε.
892 4319 1011 4386 pertulit

342 4386 365 4422 ¹⁴
376 4388 410 4440 la
423 4391 524 4454 maroe
538 4389 611 4452 later,
622 4405 671 4456 por
687 4389 811 4441 abbatam
823 4389 1008 4454 Pnrletcnaam,
1023 4391 1075 4445 sibi
1086 4392 1121 4444 ad
1132 4391 1183 4446 hoo
1202 4394 1324 4462 potencia
1341 4393 1412 4447 laeta
1425 4411 1443 4447 a

305 4459 442 4512 Clemente
454 4463 478 4525 3,
490 4476 593 4512 summo
605 4459 735 4527 pontifice.
