3286 5112
674 471 770 520 LIBER
784 472 901 522 Nouus.
1287 465 1344 524 251

221 628 343 695 Eodem
351 627 975 714 anno'ccclesiaSanctiandreaededicata
984 635 1034 696 est
1044 651 1136 710 nova,
1147 651 1219 718 rege
1230 632 1348 698 Scociae

222 717 361 782 Roberto
383 717 423 782 de
437 718 542 801 Bruys
555 717 763 802 personaliter
775 717 895 782 ibidem
908 719 1082 798 existente;
1103 719 1168 803 qui,
1183 720 1224 784 ob
1242 739 1348 786 rever-

221 804 346 868 enciam
364 804 450 869 beati
464 803 599 888 apostoli
616 804 720 868 sancti
736 804 880 882 Andron
894 803 1059 869 ecclesiam
1073 805 1114 871 de
1134 807 1347 890 Fergomund¹

222 889 308 955 dicto
322 891 513 956 monasterio
535 890 769 956 Sanctiandreae
782 890 818 954 in
837 892 1132 976 cugmentaoionem
1150 892 1295 971 contulit,
1311 892 1347 957 in

221 983 408 1062 perpetuam
422 978 607 1043 memoriam
621 997 745 1062 magnae
758 977 871 1062 graciae
886 984 919 1042 st
931 978 1075 1042 victorias
1089 980 1175 1063 apud
1196 980 1346 1044 Bonnok-

222 1064 305 1128 burn
318 1065 355 1128 in
368 1065 520 1130 conflictu
534 1064 598 1129 sibi
610 1084 712 1148 nuper
726 1083 889 1130 concesse
935 1065 1028 1143 Item,
1043 1065 1153 1130 eedem
1174 1066 1299 1132 racione
1314 1073 1347 1132 at

221 1171 325 1228 causa,
347 1151 530 1217 willelmus
560 1152 760 1228 Lumberton,
785 1151 951 1235 opiscopus
976 1151 1218 1230 Sanctiandreae,
1243 1153 1347 1218 eidem

221 1238 411 1302 monasterio
436 1238 585 1304 ecclesias
614 1237 654 1302 da
682 1238 828 1322 Demesy
851 1238 946 1302 etde
970 1237 1182 1323 Abiroumby²
1206 1239 1347 1317 donavit,

220 1343 294 1387 cum
308 1325 441 1390 ecclesia
463 1325 503 1390 de
524 1323 670 1409 Kilgour,
684 1344 781 1408 prope
799 1323 973 1389 Faukland
1017 1325 1115 1390 Anno
1133 1346 1208 1390 vero
1222 1345 1346 1409 prace-

220 1410 310 1475 denti
324 1410 417 1476 obiit⁸
431 1412 584 1495 Mar-,ionia
598 1410 638 1474 de
653 1411 762 1495 Broys,
776 1409 842 1474 filia
861 1412 943 1496 regis
963 1411 1107 1476 Roberti⁴
1121 1412 1231 1496 Broys,
1244 1418 1348 1478 mater

220 1497 351 1563 Roberti
377 1497 492 1582 Broys⁶
514 1497 597 1582 regis
622 1497 762 1562 senioris.
806 1497 902 1562 Anno
928 1499 1061 1563 Domini
1075 1507 1114 1562 rr⁰
1129 1507 1197 1564 ccc⁰
1210 1500 1269 1563 xix
1289 1519 1346 1564 rex
1362 1517 1414 1554 nn.
1428 1506 1493 1556 1³19·

219 1584 394 1649 Edwardus
416 1584 543 1669 Angliae
566 1584 701 1650 cbsessit
721 1583 847 1648 villam⁶
869 1586 1022 1666 Berwici;
1051 1585 1116 1662 sed,
1139 1585 1253 1651 timore
1274 1606 1346 1670 per-

219 1672 349 1734 tenitus
359 1670 450 1734 nullo
458 1671 671 1755 persequenti,
682 1676 772 1736 motu
782 1672 909 1756 proprio
920 1693 994 1737 eum
1004 1673 1130 1737 rubore⁷
1141 1673 1177 1737 in
1187 1673 1346 1758 regionem

219 1775 310 1821 suam
320 1777 465 1822 reversus
476 1765 533 1823 est
578 1759 622 1823 Et
632 1765 862 1842 consequenter
872 1758 1008 1824 Thomas
1018 1759 1231 1844 Renulphus,⁸
1241 1781 1347 1826 comes

219 1842 399 1921 Murraviaa,
423 1843 582 1909 destruxit
607 1845 820 1910 comburendo
843 1850 877 1910 ct
900 1845 1055 1911 vastando
1080 1853 1187 1930 partes
1212 1847 1347 1912 bonales

218 1929 345 2015 Angliae
359 1951 461 2014 usque
475 1931 644 2017 Wederby.

363 2214 525 2300 §tamira
538 2217 574 2285 be
588 2216 681 2302 ηἰῃτο
695 2215 907 2302 polistratio
920 2216 1135 2300 §maiar-b.
1151 2239 1201 2286 xx.

217 2329 396 2429 ffluo
411 2355 544 2420 nomm
558 2368 598 2420 no
611 2364 678 2422 ucc⁰
692 2377 738 2420 xx
752 2355 908 2421 marcus
921 2375 977 2420 rex
993 2356 1119 2434 scocie,
1133 2355 1168 2420 an
1189 2353 1347 2441 principio
1363 2381 1415 2418 aa.
1430 2371 1494 2420 1320.

217 2442 337 2507 mensis
351 2443 499 2526 Augusti,
514 2443 621 2507 tenuit
635 2443 720 2528 apud
742 2442 878 2508 Soonam
891 2442 1137 2527 parliamentum
1157 2463 1261 2520 suum,
1276 2444 1347 2508 ubil

216 2529 377 2593 comitissa
406 2529 446 2594 de
474 2529 640 2594 Strathern
669 2535 701 2594 ct
730 2528 878 2594 dominus
907 2529 947 2594 de
977 2529 1092 2606 Soulia,
1127 2529 1267 2594 convicti
1304 2530 1344 2596 de

216 2615 350 2680 crimine
363 2615 446 2680 laesas
460 2615 646 2700 majestatis,
660 2621 693 2680 ct
707 2616 844 2682 confessi
865 2621 975 2680 contra
995 2635 1102 2700 regem
1125 2616 1344 2701 conspirando,

217 2702 412 2767 sentenciam
437 2703 584 2786 perpetui
613 2703 745 2768 carceris
769 2708 965 2786 acceperunt.
1023 2703 1183 2767 Dominus
1209 2723 1282 2768 vcro
1305 2703 1344 2768 de

216 2788 395 2866 Brechan,¹⁰
409 2789 466 2873 qui
480 2789 515 2852 in
530 2789 789 2874 expedicionibus
810 2789 966 2854 bellonam
981 2796 1091 2854 contra
1103 2789 1248 2854 infideles
1262 2789 1343 2854 veli·

214 2875 366 2941 dissimns
379 2875 438 2940 flos
451 2875 580 2941 miliciae
594 2876 821 2961 appellabatur,
833 2875 910 2959 quia
923 2877 959 2939 in
969 2875 1204 2960 conspiracione
1214 2883 1343 2940 tantum

214 2963 324 3040 tacuit,
352 2961 569 3048 prodicionem
597 2983 663 3027 non
691 2961 869 3040 revelando,
897 2983 956 3028 nec
993 2962 1231 3043 consentiendo,
1267 2983 1342 3028 cum

214 3049 354 3132 quodam
382 3049 555 3134 proditore·
570 3049 715 3116 Gilberto
751 3049 790 3114 de
819 3048 925 3114 Melan
952 3055 986 3114 ot
1014 3048 1163 3114 Jobanne
1185 3048 1224 3114 de
1245 3049 1341 3134 logy,

214 3135 381 3214 militibus,
395 3157 432 3200 ao
446 3135 582 3201 Ricardo
604 3135 714 3201 Bronu
737 3136 898 3220 armigero,
913 3136 954 3200 sd
968 3135 1102 3200 caudam
1123 3135 1199 3219 equi
1220 3140 1341 3200 tractus

214 3227 290 3297 erat,
304 3228 338 3286 et
359 3222 463 3305 capite
481 3243 555 3287 cum
576 3221 648 3287 aliis
670 3221 871 3287 truncatus.²²
913 3220 1105 3287 Eustachius
1127 3222 1167 3287 de
1189 3222 1339 3298 Maxwel,

214 3306 377 3371 walterus
398 3307 437 3372 de
459 3309 601 3394 Berclay,
620 3310 796 3374 vicecomes
820 3309 860 3374 de
884 3308 1055 3386 Abirdene,
1069 3327 1107 3372 ac
1121 3308 1278 3374 Patricius
1300 3309 1341 3374 de

214 3392 381 3470 Grahame,
409 3393 538 3471 milites,
568 3395 793 3460 Hammelinus
816 3395 856 3460 de
884 3395 990 3479 ltoup
1015 3401 1049 3460 et
1076 3395 1270 3460 Eustochiae
1299 3396 1340 3460 de

213 3478 457 3563 Ituthirwyne,¹8
465 3481 620 3566 armigeri,
628 3481 667 3546 da
677 3481 788 3546 eodem
799 3480 930 3545 crimine
941 3501 1006 3545 non
1016 3481 1162 3547 convicti
1199 3482 1340 3566 Rogerus

213 3565 254 3630 de
268 3565 444 3651 Mowbray,
457 3567 539 3651 per¹⁴
552 3574 687 3632 mortem
701 3587 815 3651 corpus
829 3568 898 3651 ejus
915 3575 1077 3632 mortuum
1091 3568 1212 3634 ibidem
1227 3588 1340 3653 appor-

213 3657 326 3730 tatum,
341 3651 381 3717 de
395 3653 632 3738 conspiracione
647 3661 756 3718 contra
778 3654 915 3718 eundem
937 3655 1095 3739 Rogemm
1117 3653 1194 3719 dum
1215 3655 1340 3719 vixerat

211 3737 247 3802 in
261 3737 411 3804 humanis
425 3739 602 3824 probatum,
617 3746 690 3824 post
704 3746 839 3804 mortem
860 3746 1023 3805 mortuum
1037 3740 1177 3824 ocrpua¹⁶
1191 3741 1231 3805 ab
1247 3741 1338 3825 equis

210 3825 296 3889 trabi
310 3832 352 3903 et,
366 3826 471 3911 capite
485 3831 641 3905 tnmcato,
655 3826 691 3890 in
704 3826 849 3911 patibulo
860 3825 1013 3912 suspendi
1030 3828 1158 3911 jussum
1183 3830 1249 3907 est3
1281 3827 1338 3891 aed

258 4014 309 4068 ²0.
323 4015 353 4066 n
367 4015 531 4083 Forgounda.
666 4012 718 4068 ²0.
732 4015 763 4067 Ε.
777 4014 962 4080 Abirorumby.
999 4014 1031 4066 D.
1045 4013 1254 4078 Abberurumby.

256 4085 308 4138 ³0.
322 4086 384 4138 obii.
666 4082 717 4138 ⁴0.
732 4085 761 4136 Ε.
777 4085 882 4137 oddde
1024 4082 1075 4136 ⁵0.
1089 4085 1119 4136 Ε.
1134 4087 1194 4135 omit
1206 4084 1298 4149 Broys.

256 4154 308 4208 ⁸0.
322 4157 393 4208 villa
432 4156 464 4207 D,
477 4155 524 4207 los
536 4155 677 4209 Rerwuica
1020 4152 1073 4206 lc,
1087 4157 1120 4206 Ε.
1133 4153 1233 4205 roboro.

256 4225 307 4279 ⁸0.
321 4228 351 4279 Ε.
367 4225 509 4293 Ranrrlphi.
1020 4222 1071 4277 ⁰0.
1089 4225 1121 4276 vi.

245 4295 267 4331 ¹⁰
280 4299 308 4350 O.
322 4299 353 4349 E.
367 4297 453 4348 David
466 4297 498 4347 da
511 4295 630 4348 Brechin.
667 4295 699 4349 D.
713 4295 848 4348 Brsichan.

249 4366 269 4402 ¹¹
282 4369 310 4420 0.
323 4367 353 4419 Ε.
367 4368 464 4419 Broun.
501 4367 533 4420 D,
546 4367 650 4419 Brown.
1022 4363 1043 4400 ¹²
1056 4366 1084 4418 O.
1100 4365 1129 4416 Ε.
1143 4369 1312 4416 cromutotus.

244 4437 307 4491 1⁸0.
321 4439 352 4490 D.
367 4439 396 4490 Ε.
412 4437 599 4504 Rotberwyne
660 4433 681 4470 ²⁴
693 4436 726 4489 D.
738 4437 837 4490 altered
849 4437 1028 4502 lulerlopost.
1096 4433 1339 4502 “tumeam
