3254 5122
282 445 321 504 16
662 452 757 501 usne
772 449 1039 500 Phoenicuntem

280 612 364 679 licis1
379 613 443 678 sibi
452 613 559 678 verbis
574 609 733 676 attrahere
744 630 818 676 cum
829 607 994 674 nonnullis
1008 607 1129 694 pulcris
1143 605 1315 693 promissis.
1345 604 1411 686 Qui

279 700 441 766 Methaeus
452 698 617 784 navigium
628 697 771 781 undique
781 696 926 780 collegit3
947 715 1004 760 sex
1018 701 1136 772 centes,
1146 701 1185 759 ut
1198 695 1284 760 ieme
1297 693 1411 773 fueret,

279 783 959 871 mvespraeporaboumteasmendrensibus
970 779 1332 848 ermetes²cnnoiuturo
1341 779 1412 845 An-

279 874 380 959 gliem
392 873 563 937 invasurus
577 871 760 950 induceret;
779 869 866 934 unde
880 888 996 954 magne
1005 888 1064 953 per
1072 868 1225 953 Angliem
1236 867 1411 934 commocio

279 961 366 1025 fecte
394 965 452 1036 est,
481 964 515 1023 et
539 958 714 1023 amicorum
738 956 796 1022 ubi
817 955 999 1040 procurecio
1023 953 1185 1040 dirigens⁸
1208 954 1410 1040 perquaesits

280 1047 356 1112 Hiis
378 1046 478 1111 enim⁴
495 1042 714 1130 temporibus,⁵
728 1063 748 1108 e
760 1048 903 1128 tempore
923 1062 988 1126 quo
1009 1041 1133 1107 reddite
1152 1041 1257 1107 fueret
1270 1041 1412 1106 Henrico

280 1133 348 1218 regi
366 1133 494 1218 Anglise
513 1130 752 1208 Northumbris,
773 1150 838 1214 per
858 1129 944 1195 inter
961 1149 1058 1212 regne
1080 1149 1138 1194 nec
1162 1127 1254 1193 firme
1274 1125 1413 1212 vigebat

280 1241 391 1305 ymmo
405 1219 552 1305 quaedsm
570 1217 695 1302 fragilis
715 1215 828 1301 treuge
849 1215 965 1300 saepius
985 1222 1081 1300 rupte
1102 1215 1282 1299 sepiumque
1302 1234 1412 1297 recon-¹

280 1305 409 1382 siliotc„i
422 1327 480 1390 per
493 1325 591 1392 quem
605 1305 798 1388 attingentes
813 1302 853 1368 ad
867 1302 1008 1367 invicem
1021 1321 1190 1386 regnorum
1203 1302 1283 1367 fines
1297 1301 1412 1388 misere,

280 1394 514 1479 premebantur.
559 1391 767 1475 Quapropter,
780 1389 844 1454 hiis
859 1394 892 1454 et
906 1387 978 1453 eliis
993 1388 1033 1454 de
1047 1388 1161 1466 causis,
1171 1409 1229 1473 per
1242 1389 1411 1474 utriusque

280 1481 372 1564 regni
399 1480 569 1564 deputatos
597 1483 796 1542 contractum
821 1475 894 1554 fuit,
922 1481 955 1540 et
983 1475 1235 1560 uniuscujusque
1262 1477 1345 1560 regis
1374 1497 1412 1560 ec

224 1603 230 1622 .
284 1566 430 1631 omnium
455 1564 634 1628 munimine
654 1582 821 1647 procerum
846 1562 1016 1640 firmatum,
1037 1561 1124 1646 quod
1146 1583 1203 1646 pro
1227 1563 1412 1648 reoepcione

282 1651 530 1728 Northumbriae,
541 1648 804 1733 sempiternaeque
815 1649 903 1734 pecie
913 1647 989 1713 inde
999 1647 1142 1713 solubili⁷
1153 1669 1239 1714 nexu
1247 1649 1415 1727 firmando,

281 1759 339 1804 rex
361 1737 479 1802 Scocise
501 1735 684 1801 Willelmus
705 1755 812 1820 regem
833 1735 935 1800 odiret
960 1734 1138 1800 Henricum
1161 1755 1257 1800 suum
1278 1755 1413 1802 consuu-v

281 1825 445 1910 guineum,
458 1828 538 1888 tunc
555 1821 640 1907 opud
655 1821 825 1886 Windeeor
845 1822 914 1906 ejus
935 1825 1013 1886 tunc
1035 1821 1160 1886 editum
1181 1819 1413 1910 expectentemss

282 1910 369 1996 quod
391 1917 424 1975 et
445 1910 566 1975 lectum
585 1913 643 1976 est
688 1907 772 1974 Illuc
793 1907 891 1993 igitur
912 1907 1094 1986 adveniens,
1108 1929 1223 1994 magno
1244 1916 1413 1998 susceptus

283 2002 333 2063 est
346 1996 511 2082 applausu.
534 1995 598 2061 Sed
612 1991 690 2060 dum
704 1995 815 2060 stetim
826 1993 866 2060 de
875 1994 943 2060 suis
953 2013 1042 2079 reges
1053 1994 1248 2080 colloquium
1257 1995 1414 2065 heberent

283 2085 433 2170 negociis,
446 2083 487 2149 de
501 2081 723 2148 transmarinis
743 2081 889 2167 pertibus
904 2081 1030 2146 edverei
1043 2081 1150 2146 subito
1165 2085 1306 2148 rumores
1321 2079 1412 2148 Heu-¹

283 2171 342 2236 rici
355 2171 437 2256 regis
451 2170 582 2235 auribus
592 2169 759 2250 intonent3
776 2188 912 2253 quorum
922 2173 1083 2252 comperte
1094 2167 1183 2246 serie,
1192 2169 1413 2254 praetermissis

284 2257 425 2345 negociis
440 2255 597 2336 omnibus,
611 2255 736 2342 ingenti
749 2255 887 2341 stipatus
902 2255 1044 2321 exercitu
1057 2255 1294 2323 transfretavit.¹

350 2536 514 2624 Sequitur
527 2537 668 2622 qualitor
680 2557 734 2606 rm
748 2535 943 2607 mutim
957 2535 1033 2607 scis
1045 2536 1165 2607 suite
1177 2538 1349 2626 mustolio

553 2647 718 2732 muitum
731 2651 783 2717 rot
797 2647 1047 2718 &submi-ti.
1063 2648 1157 2718 xxiii

287 2769 431 2874 REX
444 2817 520 2862 vero
533 2797 718 2864 Willelmus
733 2797 851 2864 Scociae
865 2819 932 2863 non
945 2818 1075 2864 suorum
1089 2799 1148 2884 qui
1161 2820 1270 2866 secum
1284 2800 1419 2867 ederent

286 2883 411 2968 ibique⁰
424 2884 591 2961 nobilium,
605 2905 664 2950 nec
678 2885 786 2963 ullius,
800 2885 974 2970 prepedire
998 2885 1135 2970 potuit¹⁰
1149 2889 1264 2972 quovis
1281 2888 1289 2904 '
1376 2889 1418 2967 ⁰0,

287 2972 377 3056 quin,
391 2970 504 3036 invitis
519 2971 675 3050 omnibus,
690 2977 729 3035 ut
746 2971 937 3038 bellatorum
958 2978 1101 3038 comeret
1119 2977 1315 3059 congressus¹
1351 2976 1415 3040 for-

287 3059 383 3135 cium,
395 3077 469 3123 cum
480 3078 518 3123 eo
532 3064 582 3123 est
591 3059 752 3143 profectus
761 3081 770 3139 ;
790 3080 828 3124 cc
838 3059 874 3124 in
884 3058 950 3124 illis
961 3060 1107 3144 pertibus
1117 3061 1277 3145 precluus
1287 3061 1416 3127 miliciae

286 3145 393 3210 titulis
418 3144 606 3224 illustretus,
631 3145 788 3211 universis
814 3165 905 3230 spem
927 3145 1096 3230 probitetis
1121 3147 1252 3232 egregie
1281 3147 1417 3229 decimu

287 3231 407 3316 sicque,
421 3233 619 3296 corroborato
637 3252 694 3316 per
714 3232 804 3316 prius
818 3239 938 3316 treuge,
951 3252 1084 3316 regnum
1098 3253 1173 3298 cum
1187 3234 1306 3300 honore
1320 3235 1417 3301 rediit

287 3318 329 3384 ed
353 3319 535 3402 proprium3
567 3318 779 3402 componendi
801 3323 911 3384 temen
931 3319 1020 3403 pecie
1041 3319 1158 3384 ioedere
1182 3321 1349 3406 praefixum
1374 3321 1416 3386 ad

287 3411 452 3489 oportunae
463 3405 643 3470 vocacionis
656 3411 784 3489 tempus
804 3404 997 3490 prolongato.
1033 3406 1169 3473 ¹Deinde
1190 3407 1312 3474 bellurn
1332 3409 1417 3473 inter

287 3511 375 3576 reges
389 3493 582 3557 Francorum
604 3499 637 3556 et
657 3491 835 3576 Anglomm
855 3497 986 3576 propter
1006 3491 1174 3558 Tholosem
1196 3494 1369 3572 civitatem,
1384 3501 1418 3560 et

287 3577 367 3642 slim
378 3579 482 3643 varies
496 3577 663 3644 hincinde
677 3597 796 3655 causes,
810 3577 963 3643 iteratum
976 3585 1043 3658 est3
1064 3579 1142 3644 odeo
1156 3580 1252 3664 quod,
1262 3579 1417 3666 pmptefl’

287 3663 392 3728 mults
410 3664 504 3742 molo,
518 3663 795 3729 communicatos1⁴
808 3664 1043 3749 Andigevensis
1058 3671 1091 3731 et
1104 3687 1205 3751 pegus
1219 3667 1417 3744 Wilcssinus

337 3859 392 3913 ¹B.
404 3861 433 3914 O.
446 3861 477 3913 Ε.
489 3861 607 3915 mellitis.

338 3928 442 3983 ’These
460 3933 602 3984 ewworde
618 3931 1415 4002 dominabunt,malmemmsueuxranomn.

290 4001 321 4056 R
334 4005 408 4054 onio
419 4001 492 4054 meu
528 4002 557 4054 0.
570 4003 601 4055 Ε.
614 4005 675 4055 omit
686 4009 807 4057 armatas

291 4121 293 4128 ,
337 4070 389 4126 ³0.
402 4072 433 4123 Ε.
446 4077 474 4124 et
491 4073 636 4125 multorum
653 4073 752 4141 ubique
768 4075 916 4142 procuratio
929 4074 1047 4144 diligens.
1083 4075 1115 4129 D.
1129 4077 1177 4130 lece
1193 4077 1247 4140 ubi,
1262 4077 1418 4144 mmm-do

289 4143 419 4196 duruit)
430 4143 535 4210 ubique.
676 4142 728 4196 (Β
742 4145 772 4198 0.
785 4146 818 4198 D.
830 4146 862 4198 E.
875 4147 981 4198 etenim.
1078 4143 1130 4198 ⁶0.
1141 4149 1171 4200 Ε.
1184 4149 1240 4200 cdd
1250 4151 1339 4203 etium.

337 4209 388 4265 ⁶0.
401 4213 432 4264 n
445 4212 589 4266 conciliato
1080 4214 1133 4270 ili.
1147 4218 1176 4270 Ο.
1190 4219 1220 4271 Ε.
1234 4217 1417 4272 indissolubili.

337 4279 390 4334 ³0.
409 4283 439 4335 Ε
458 4284 583 4350 sequium
600 4284 715 4350 qualiter
732 4299 779 4336 rex
796 4284 946 4337 Willolmur
963 4285 1098 4352 proiectus
1115 4304 1176 4339 cum
1194 4287 1308 4354 Gallicis,
1327 4289 1419 4341 invitis

290 4351 353 4405 suis.
416 4350 469 4404 'R
482 4355 511 4406 C.
525 4355 556 4407 D.
570 4355 601 4408 Ε
614 4355 720 4408 ibidem.
784 4353 806 4390 ¹⁰
817 4357 847 4408 C.
860 4357 889 4408 Ε
904 4356 1044 4424 propediri
1054 4361 1168 4424 poterut
1230 4357 1251 4394 ¹¹
1262 4360 1293 4412 B.
1305 4375 1419 4428 gressus

326 4421 348 4457 ¹²
359 4423 388 4476 C.
402 4423 432 4476 Ε
446 4424 551 4477 deditis.
669 4423 691 4458 ¹⁸
703 4426 732 4479 Ο.
749 4426 780 4477 Ε.
792 4431 888 4494 proeter
898 4425 960 4478 slis.
1055 4425 1076 4460 ¹⁴
1083 4427 1117 4480 B.
1131 4428 1159 4480 0.
1173 4429 1202 4482 Ε.
1216 4431 1364 4483 comitetur.
