3254 5122
307 453 380 526 xlvi
678 477 1065 526 arrarmxrorsnrrcn.

307 633 459 719 Sequitur
472 634 512 700 da
526 633 725 701 successione
739 633 915 701 Alexandri
929 634 1036 701 frutris
1051 635 1111 700 sui.

1121 731 1313 816 diritatem
1326 729 1439 798 xxiiii

450 858 506 909 Pro
518 855 580 908 Fere
594 857 636 920 (ib.
650 874 674 925 p.
689 857 749 920 227,
763 858 781 910 l.
795 861 822 922 9)
835 858 872 910 La
884 857 957 910 Fiers
969 858 1067 924 lepitur.

448 940 511 992 Post
521 940 705 993 canonicorum
715 941 757 1005 (it.
770 940 788 992 l.
799 944 844 1004 30)
856 944 891 993 air
902 942 993 1007 leptim
1001 940 1204 1009 :-ragularium
1215 941 1244 992 in
1255 939 1341 992 insula
1349 938 1441 992 Sancti

484 1023 618 1075 Columbae
628 1025 708 1089 juxta
720 1023 893 1076 luverlratlrin
905 1022 1036 1075 Enmonia
1047 1027 1177 1077 voc-tum.

310 1142 463 1229 Sequitur
476 1141 517 1208 de
531 1150 633 1208 morte
647 1141 794 1208 Matildis
809 1142 901 1208 bonoe
915 1141 1032 1228 reginoe
1047 1148 1081 1207 et
1094 1140 1208 1206 Mariae
1222 1139 1336 1206 sororis
1350 1139 1429 1224 ejus.

1119 1238 1312 1324 capitulam
1326 1237 1408 1304 xxix.

310 1366 464 1452 Sequitur
476 1365 519 1431 ad
532 1365 596 1431 huc
611 1365 651 1431 de
665 1364 942 1431 commendacione
957 1364 1114 1430 Matildis.

1117 1462 1309 1546 &mitatem
1323 1481 1392 1528 xxx.

311 1589 462 1674 Sequitur
483 1589 523 1656 dc
538 1587 738 1654 successione
759 1587 920 1654 benedicti
934 1587 1017 1672 regis
1038 1586 1156 1665 David,
1172 1587 1259 1653 etde
1280 1607 1441 1652 commen-

397 1688 528 1754 dacione
537 1687 670 1753 fratrum
680 1688 758 1772 ejus,
767 1708 841 1752 cum
850 1686 1074 1753 incidentibus
1119 1685 1311 1771 mmmmm
1324 1685 1407 1753 xxxi

312 1813 464 1898 Sequitur
485 1812 525 1878 de
538 1832 651 1897 guerra
673 1819 760 1877 mota
780 1832 838 1896 per
858 1831 963 1897 regem
983 1811 1093 1878 David
1112 1817 1222 1877 contra
1241 1810 1441 1896 Stephanum

397 1931 504 1998 regem
517 1911 652 1996 Angliae.
1121 1907 1424 1993 ῠῑεῃϋηῑωπκκκὲἰ,

313 2035 465 2121 Sequitur
486 2035 527 2101 de
548 2035 695 2120 conjugio
718 2035 852 2100 chrici
873 2035 933 2100 filii
947 2036 1031 2121 regis
1053 2034 1164 2101 David
1185 2055 1259 2099 cum
1282 2034 1353 2100 Ada
1373 2033 1441 2098 filia

397 2133 695 2201 Willelmicomitia
710 2135 943 2200 deWarauoia
1117 2131 1309 2218 Sapituluru
1322 2130 1433 2198 xxxiii.

312 2259 464 2345 Sequitur
478 2260 617 2344 qualiter
629 2258 739 2325 David
753 2279 810 2324 rex
827 2259 931 2323 lilium
945 2257 1006 2322 filii
1020 2257 1071 2323 sui
1087 2279 1110 2323 s.
1126 2257 1271 2322 defuncti
1291 2261 1441 2341 nepotem

398 2380 494 2424 suum
515 2359 725 2425 Maloolmum
747 2356 943 2423 circumduci
964 2357 1042 2422 fecit
1057 2377 1115 2442 per
1135 2377 1277 2442 regnum,
1290 2361 1329 2420 ut
1349 2356 1441 2421 heres

398 2457 488 2542 regni
503 2458 638 2522 futurus
1117 2453 1308 2538 Sepitutrrr
1315 2453 1440 2520 xxxiiii.

313 2581 466 2665 Sequitur
495 2577 534 2644 de
563 2578 752 2663 praefacionc
788 2577 1043 2645 Lamentuoionis
1072 2577 1222 2644 Baldredi
1254 2598 1312 2663 pro
1340 2585 1442 2644 morto

399 2678 543 2762 ejusdem
557 2677 650 2762 regis.
1117 2675 1309 2758 Srpitulcrt
1322 2685 1409 2742 curt.

314 2801 466 2887 Sequitur
479 2800 519 2865 de
533 2799 719 2886 incepcioue
734 2799 998 2880 Lamentucionis‚
1013 2807 1046 2866 et
1059 2801 1284 2868 incidentibus.

1121 2899 1312 2984 capium
1326 2898 1428 2968 erui.

452 3023 507 3076 Pro
518 3022 610 3074 mitem
625 3021 746 3088 (For-dua,
761 3039 785 3090 p.
798 3023 860 3086 2³7,
873 3023 892 3078 l.
907 3023 933 3086 7)
945 3023 1058 3075 militem
1070 3029 1207 3077 streuum
1219 3027 1315 3091 lopitrr.

313 3130 467 3216 Sequitur
480 3129 522 3195 ad
536 3129 600 3195 huc
614 3130 655 3196 de
669 3129 789 3208 eodem,
800 3137 835 3196 et
847 3129 987 3217 qualiter
1000 3130 1137 3197 dilectus
1152 3137 1227 3201 erat

1119 3228 1312 3314 demittam
1322 3230 1440 3297 xxxiii.

452 3353 657 3490 Pogqpipprpuepq
674 3354 713 3417 (ib.
732 3371 757 3421 p.
778 3355 837 3417 238,
857 3355 874 3406 1.
889 3357 916 3418 8)
938 3353 1044 3408 invidus
1062 3355 1155 3408 mundi
1171 3355 1278 3408 laudem
1295 3355 1443 3424 appetendo

312 3546 468 3630 Sequitur
482 3545 523 3610 ad
537 3546 601 3611 huc
616 3544 656 3611 de
671 3544 792 3624 ecdem,
806 3551 840 3611 et
853 3545 1101 3612 fundationibus
1115 3547 1266 3631 ejusdem

1108 3643 1299 3728 capitam
1309 3643 1441 3712 xxxiiia

453 3757 516 3810 Post
527 3757 657 3810 invenerit
671 3756 711 3826 (o.
723 3758 742 3811 1.
755 3755 800 3825 28)
811 3757 1028 3810 monasteriorum
1040 3759 1162 3812 incertam
1172 3765 1215 3811 ert

312 3863 467 3950 Sequitur
480 3864 522 3930 ad
536 3863 600 3930 huc
614 3863 654 3930 de
668 3864 789 3944 eodem,
803 3871 837 3930 et
850 3865 920 3950 ejus
934 3864 1259 3931 recommendaoiouc.

1132 3961 1325 4047 cmitnlca
1339 3963 1441 4032 xxxir.

315 4087 470 4174 Sequitur
484 4087 624 4174 qualiter
645 4107 701 4153 rex
721 4087 830 4154 David
845 4087 909 4154 luit
922 4087 1080 4154 sollicitus
1102 4087 1320 4154 discordantes
1332 4090 1444 4175 pucili-

398 4207 477 4254 care.
1120 4184 1374 4271 Srpitulrmal.

312 4312 466 4396 Sequitur
479 4312 619 4397 quoliter
631 4332 729 4397 regno
744 4311 1005 4378 abrenunciassct
1019 4317 1053 4378 ct
1066 4311 1250 4378 Jerusalem
1269 4312 1445 4398 petivisset,

399 4411 508 4477 sinon
524 4411 746 4478 reconsiliatus
761 4413 883 4478 luisset.
1124 4409 1385 4496 Srpitrrluroxli,
