3286 5112
661 523 757 574 amsa
770 524 888 576 tonus.
1279 522 1341 582 305

210 705 248 750 ⁹⁰
262 683 348 836 Ψ
362 680 992 836 mutuatas
1003 683 1342 843 ‘lltlt-”ltl‘

211 791 385 856 canopcr
966 791 1081 856 tque,
1120 793 1156 839 ce
1191 793 1342 841 ruren-

210 859 302 924 cione
323 857 412 924 illius
427 856 612 923 concubinae
632 855 742 942 regina
755 855 898 922 neclecta
917 857 989 936 fuit,
1002 863 1037 924 et
1055 859 1160 924 multa
1173 861 1237 926 alie
1257 863 1342 928 mala

209 951 379 1010 consecuta
400 949 485 1022 sunt,
506 948 615 1009 tamen
636 942 750 1008 modus
775 943 918 1008 criminis
938 945 1173 1012 interleccionis
1198 949 1267 1032 ejus
1292 950 1342 1014 ni-

210 1031 313 1096 mium
334 1031 517 1098 excessivus
538 1030 611 1108 luit,
631 1049 669 1095 eo
682 1029 770 1114 quod
788 1030 825 1095 in
845 1031 1008 1096 consorcia
1022 1038 1056 1097 et
1076 1033 1240 1100 comitiva¹
1258 1038 1341 1122 regis

208 1117 382 1204 equitando
403 1123 437 1184 ct
450 1118 499 1182 in⁸
511 1117 657 1202 partibus
678 1116 873 1182 australibus
892 1117 1050 1184 veniendo
1067 1119 1216 1206 jugulata
1236 1122 1342 1188 fuerat

204 1223 267 1290 per
287 1205 458 1270 familiares
480 1203 559 1270 dicti
580 1203 715 1270 comitis.
760 1204 822 1268 Per
835 1203 895 1269 hoc
916 1205 1035 1288 poterit
1047 1225 1198 1291 apparere
1219 1216 1342 1293 quanta

210 1291 295 1356 mala
315 1293 351 1357 in
372 1291 428 1357 illo
442 1296 573 1378 peccato
596 1289 746 1356 adulterii
767 1289 968 1374 perveniunt,
983 1291 1109 1358 dicente
1123 1294 1263 1360 Domino
1283 1317 1342 1380 per

209 1378 415 1463 prophetam:
447 1379 523 1442 Non
551 1375 677 1443 recedet
705 1375 745 1442 de
766 1377 861 1441 domo
882 1382 941 1442 tua
964 1377 1090 1463 gladius
1114 1379 1149 1444 in
1177 1387 1342 1460 oeternum,

209 1485 247 1530 eo
268 1465 368 1550 quod⁴
382 1464 558 1550 despexisti
580 1463 659 1549 [me]
680 1462 830 1528 violando
846 1461 976 1529 thorum
998 1465 1132 1530 Ghristi⁶
1144 1467 1203 1534 tui
1260 1468 1341 1534 Hae

209 1552 297 1616 enim
318 1551 496 1617 mortalitas
517 1549 629 1628 eciam,
649 1549 734 1615 sicut
753 1550 865 1633 prima,
886 1551 1042 1636 gerardis
1066 1553 1143 1618 fuist
1162 1573 1220 1638 per
1239 1560 1342 1620 totam

210 1638 487 1704 Christianitatcm
498 1635 612 1721 quasi.l
655 1637 697 1702 In
710 1636 830 1720 Anglia
843 1637 946 1702 eciam
958 1637 1063 1704 multa
1076 1639 1162 1705 mala
1175 1640 1259 1719 lecit,
1273 1647 1341 1707 tam

209 1723 246 1790 in
270 1725 473 1810 magnatibus
494 1743 592 1809 quam
616 1723 801 1789 minoribus.
846 1723 970 1789 Mortui
993 1731 1070 1790 suut
1095 1727 1195 1793 sciam
1220 1727 1341 1794 ibidem

210 1811 307 1876 multi
321 1811 362 1876 de
376 1811 555 1896 maJoribus,
564 1817 644 1875 natu
659 1809 778 1876 Scocise
798 1810 857 1895 qui
870 1811 906 1875 in
921 1810 1013 1876 hosta
1036 1812 1065 1877 'o
1097 1834 1132 1878 ro
1146 1835 1180 1880 re
1232 1815 1341 1882 David

210 1897 332 1964 ibidem
346 1899 484 1976 frenant,
494 1897 556 1962 viz.
569 1916 668 1982 nepos
682 1897 765 1982 nagis
779 1897 802 1963 J
803 1896 945 1962 ohannes
959 1897 1000 1964 de
1012 1833 1076 1964 glut
1100 1900 1107 1915 ‘
1125 1899 1181 1966 lan
1203 1902 1342 1982 ,unicus

211 1984 297 2050 filius
322 1983 434 2050 matris
459 2003 535 2062 suae,
559 2003 665 2050 comes
690 1983 852 2067 ejusdem3
877 2004 984 2050 comes
1005 1987 1107 2051 eciam
1131 1987 1281 2053 Tbomus⁸
1301 1988 1342 2055 de

211 2071 365 2148 Manavia,
376 2091 450 2137 cum
459 2070 565 2136 multa
578 2069 641 2136 alia
651 2069 809 2135 nobilium
823 2069 1032 2136 multitudine
1046 2071 1166 2138 ibidem
1175 2074 1342 2140 existente.

210 2155 329 2223 Videte
342 2155 548 2242 inquantum⁰
561 2155 755 2223 adulterium
769 2176 843 2240 crgo
857 2155 1006 2242 displicet
1013 2158 1143 2224 Divinae
1161 2161 1323 2244 majestati
1334 2185 1343 2240 ;

212 2243 298 2328 quod
312 2265 368 2309 rex
382 2242 499 2323 David,
513 2243 571 2328 qni
584 2243 755 2309 fornicator
770 2241 919 2327 publicus
934 2248 1011 2322 erat,
1025 2265 1210 2330 nuncquam
1223 2246 1260 2311 in
1273 2247 1343 2312 vita

211 2350 271 2396 sua
283 2350 395 2416 pacem
408 2330 463 2396 vel
483 2330 679 2407 felicitatem,
692 2329 935 2414 prosperitatem
950 2335 1007 2395 aut
1019 2331 1168 2416 graciam,
1181 2331 1259 2398 vel¹⁰
1273 2353 1343 2418 reg-

211 2437 291 2482 num
316 2417 514 2482 successione
537 2416 644 2482 liniali
667 2415 720 2482 sui
740 2416 878 2501 corporis
899 2417 1031 2502 potuitll
1051 2420 1252 2544 praemunira
1273 2420 1343 2486 sive

211 2503 410 2570 fertilitatem
425 2509 482 2570 aut
495 2502 751 2570 habundanciam
766 2501 802 2567 in
816 2509 957 2588 tempore
971 2503 1051 2570 suo.1

210 2747 372 2834 §aeae
385 2751 523 2836 qualitas
535 2772 589 2820 ccx
602 2749 709 2835 §abib
723 2751 907 2821 instructos
927 2753 1091 2838 emeat
1114 2752 1220 2822 tribas
1242 2754 1343 2822 stati-

274 2851 337 2919 tos
351 2851 457 2920 filiam
477 2851 564 2936 ragis
585 2850 718 2937 &culta
740 2849 934 2934 &maelium
955 2851 1023 2921 sibi
1045 2853 1083 2922 io
1107 2873 1204 2938 raquo
1219 2851 1343 2935 §totis

273 2951 437 3029 actubus,
453 2971 524 3022 som
537 2950 818 3020 melantia-d,
830 2951 907 3020 stat

209 3101 389 3201 ,HNNO
404 3147 479 3194 vero
493 3127 641 3214 sequenti
655 3147 712 3192 rex
726 3125 836 3192 David
849 3127 957 3192 tenuit
970 3126 1055 3211 apud
1077 3127 1213 3193 Soonam
1226 3126 1343 3212 parlia-

208 3221 363 3291 mentum‚
377 3215 435 3280 ubi
448 3215 552 3280 tribus
575 3213 713 3280 statibus
735 3214 893 3299 suggessit
916 3219 955 3279 ut
975 3213 1080 3279 filium
1101 3213 1185 3299 regis
1205 3213 1342 3299 Angliae,

208 3300 339 3366 buttem
353 3301 462 3365 uxoris
484 3321 559 3379 suae,
573 3299 704 3365 nomine
725 3301 759 3364 N
759 3299 955 3378 eonellum‚¹⁸
969 3299 1032 3365 sibi
1048 3300 1085 3364 iu
1098 3320 1195 3384 regno
1217 3319 1342 3366 succes-

208 3405 313 3452 sorem
326 3391 551 3452 consenterent
560 3385 598 3451 :¹⁴
621 3391 751 3471 propter
764 3385 852 3471 quod
865 3405 1014 3472 magnam
1028 3385 1292 3472 ingratitudinem
1305 3387 1341 3452 in

208 3471 328 3626 pqpulo
341 3471 521 3557 acquisivit
563 3471 618 3537 Ad
629 3472 715 3557 quod
729 3473 870 3538 breviter
883 3479 917 3538 et
938 3473 1008 3538 sins
1021 3471 1170 3539 ulteriore
1184 3473 1341 3540 ἀῦηοίοηο

207 3580 231 3625 v
282 3557 518 3625 avisiamento¹⁵
532 3556 887 3643 responderuntque
904 3557 1078 3624 noluerunt
1102 3558 1189 3624 bunc
1210 3580 1341 3647 regnam

209 3665 305 3731 super
318 3665 389 3712 eos:
411 3666 477 3711 non
486 3646 623 3710 eundem
634 3650 771 3722 tantum,
785 3664 895 3730 ymmo
909 3645 994 3730 quod
1010 3665 1195 3732 unusquam
1205 3646 1241 3711 in
1250 3651 1340 3712 oeter·

209 3753 289 3797 num
310 3753 345 3799 se
366 3731 584 3798 consentirent
604 3729 686 3796 autll
708 3731 762 3796 An
782 3730 874 3809 licus,
896 3733 1126 3818 cujuscumque
1147 3739 1250 3798 status
1272 3732 1341 3798 sive

208 3819 406 3886 condicionis
420 3820 547 3897 existat
562 3837 672 3885 sorum
693 3837 750 3883 rex
800 3823 892 3883 turus
913 3819 1037 3885 subest
1082 3818 1145 3884 Sed
1158 3820 1240 3884 forte
1255 3817 1342 3884 hoc18

208 3926 274 3984 rex,
283 3905 360 3972 licet
370 3905 458 3972 Ιιοοιο
466 3906 634 3991 proposuit
644 3903 765 3970 virtute
779 3904 928 3990 promissi
938 3905 1016 3971 iacti
1025 3905 1062 3970 in
1070 3925 1129 3971 sua
1143 3904 1341 3990 captivitate,

254 4091 264 4126 ¹
277 4093 305 4146 0.
319 4093 350 4144 Ε.
364 4093 525 4146 Katbarinta.
633 4091 684 4146 ¹0.
698 4093 839 4145 comutiva.
1056 4091 1109 4146 ⁸0.
1124 4094 1155 4145 D.
1170 4093 1201 4146 Ε
1215 4094 1324 4148 omitia.

254 4161 265 4196 ⁴
277 4163 306 4215 O.
321 4164 392 4232 quia.
632 4161 683 4217 ⁶0.
697 4165 727 4216 Ε.
741 4163 860 4232 proximi.
1054 4161 1067 4197 ⁰
1079 4161 1107 4216 0.
1121 4163 1152 4216 E.
1164 4168 1214 4216 cst

253 4231 304 4287 ²0.
319 4233 350 4286 Ε.
363 4233 484 4302 uddqui.
630 4231 682 4286 ⁸0.
696 4234 726 4286 Ε.
740 4234 934 4286 amtt'l'homas
1054 4232 1108 4287 Ἐ
1121 4234 1237 4302 inquam.

243 4301 485 4358 ¹⁰0.Facmitvel.
622 4301 914 4371 ²¹G.E.cmitpotuit
953 4303 1236 4371 Blesillam

242 4372 265 4408 ¹¹
275 4375 304 4428 0.
318 4375 349 4427 Ε
362 4375 418 4427 udd
429 4375 532 4429 babere.
621 4371 643 4408 ²¹
655 4374 685 4426 s
698 4374 725 4426 O.
739 4374 771 4426 1).
784 4375 815 4427 Ε
829 4373 990 4429 Lecusllum.
1044 4373 1066 4409 ¹⁴
1078 4376 1109 4428 Ε.
1122 4379 1312 4432 comentcmab

241 4441 264 4479 ¹⁶
274 4446 304 4498 0.
314 4446 346 4498 D.
355 4447 385 4500 Ε
395 4447 567 4498 avisamenta.
622 4443 644 4479 ¹⁶
655 4445 848 4512 responderunt
859 4447 886 4498 ia
898 4447 1001 4512 margia
1013 4445 1085 4498 aar.
1103 4446 1131 4498 G.
1145 4447 1177 4498 Ι).
1192 4445 1222 4500 Ε.
1235 4450 1296 4505 osuit
1309 4449 1335 4501 it.

241 4513 264 4550 ¹⁷
276 4517 305 4570 Β.
322 4517 351 4570 G.
365 4517 397 4571 D.
410 4517 441 4570 Ε.
454 4521 493 4569 ut
624 4512 645 4550 ¹⁸
657 4517 687 4568 Β.
700 4517 774 4584 confla
785 4515 842 4568 boc.
1048 4513 1070 4550 ¹⁰
1082 4517 1110 4572 G.
1125 4517 1154 4570 Ε.
1168 4517 1231 4572 bac.

751 4599 774 4650 ll
