3240 5130
296 551 358 611 320
670 559 766 609 LIBER
779 559 1049 610 PLUSOARDENSIS.

295 719 454 786 Glammis
476 717 521 785 et¹
535 718 702 786 Johannes
723 719 814 804 Lyon
834 716 905 804 per²
918 717 1078 784 Jacohum
1098 715 1139 783 dc
1160 715 1331 803 Lindcsay,
1343 717 1426 784 male

296 808 356 872 sub
378 806 575 873 confidencia
596 806 636 871 de
658 810 752 871 nocta
774 806 811 870 in
834 805 918 871 lecto
936 805 1052 870 nudus.
1097 803 1192 869 Misit
1212 803 1357 890 insuper
1370 826 1427 871 mx

295 893 425 980 Angliae
438 893 594 958 Ricardus
610 891 743 958 nuncios
758 890 834 957 duci
855 890 1097 978 longoretus]
1115 891 1151 955 in
1171 891 1324 970 Soooiam,
1346 912 1426 975 prm·

296 980 419 1065 cipions
433 981 464 1046 ei
476 987 516 1044 ut
529 980 565 1044 in
578 979 736 1064 partibus⁴
749 979 875 1063 Angliae
888 979 1023 1044 rediret:
1047 998 1124 1043 nam
1137 977 1280 1062 dispersa
1293 978 1358 1043 fuit
1371 978 1429 1043 illa

296 1072 438 1152 potestas
452 1067 643 1132 rusticorum
651 1086 709 1151 per
722 1066 883 1150 quendam
896 1065 1043 1144 militem,
1057 1065 1210 1149 majoram
1224 1063 1428 1150 Iondon[en-

147 1269 193 1307 r„
213 1255 272 1306 se
297 1153 840 1305 Sltltttfflitttt
849 1151 1429 1324 hffifiiiffiffishlffi

299 1329 338 1394 da
360 1326 511 1412 Douglas,
533 1327 683 1391 dominus
705 1324 893 1404 Galwidiaef
914 1325 1027 1392 videns
1051 1326 1185 1411 injurias
1210 1330 1244 1390 et
1268 1325 1370 1390 caedes
1391 1325 1428 1389 in

297 1415 447 1500 gentibus
461 1414 528 1479 suis
541 1434 599 1499 per
607 1412 760 1499 Anglicos
773 1413 883 1491 iactas,
897 1417 1084 1498 congregato
1098 1412 1240 1478 exercitu
1254 1411 1428 1477 amicorum

299 1522 438 1579 suorum
469 1506 609 1566 castrum
631 1500 672 1565 de
700 1499 916 1565 Iochmaban⁸
940 1499 1121 1566 ohsedondo
1150 1498 1300 1585 optinuit,
1325 1504 1358 1564 et
1386 1499 1428 1563 ad

298 1594 417 1654 terram
437 1587 590 1653 continuo
611 1587 792 1672 prostravit.
837 1585 931 1665 Quod
944 1586 1090 1652 videntes
1110 1585 1249 1671 Anglici,
1270 1585 1430 1650 misenmt

300 1674 461 1759 quendam
474 1674 621 1751 militem,
634 1673 695 1738 viz.
716 1673 868 1738 baronem
891 1673 932 1738 de
956 1673 1104 1752 Grastok,
1125 1673 1276 1738 timentes
1297 1693 1339 1738 nc
1360 1692 1429 1738 cas-

299 1769 388 1826 trum
402 1760 441 1826 de
463 1758 638 1844 Roxhurgh
663 1759 813 1824 similiter
835 1761 871 1825 vi
895 1760 1071 1844 arriperent
1096 1759 1202 1824 Secti:
1235 1779 1332 1844 quem
1353 1779 1429 1824 cum

300 1847 446 1915 curribus
458 1850 492 1911 ct
506 1847 668 1931 equitibus
679 1847 725 1911 sic
738 1846 931 1924 venientem,
945 1866 1021 1911 oum
1034 1846 1135 1912 eciam
1149 1845 1238 1910 omni
1258 1844 1382 1910 familia
1395 1853 1430 1910 st

300 1933 461 2000 utensiliis
475 1932 667 2011 domesticis,
681 1952 786 1999 comes
800 1931 1026 2010 Marchiarum,
1040 1952 1112 1997 cum
1134 1932 1284 2018 potencia
1304 1937 1428 1997 armata

300 2018 1430 2191 {tltlttlhllltltltllffiazllihltttssttl

301 2194 495 2279 quibusdam
509 2194 621 2278 captis,
635 2193 828 2279 quibusdam
839 2193 961 2271 occisis,
971 2191 1199 2277 nonnullisque
1206 2191 1335 2278 fugatis,
1343 2193 1431 2276 apud

300 2281 408 2347 locum
433 2280 491 2365 qui
513 2282 640 2366 Benryg
668 2285 873 2364 nuncupatur
894 2279 1112 2358 adnichilavit,
1136 2284 1169 2346 et
1193 2279 1296 2365 spolia
1319 2299 1431 2345 eorum

300 2366 400 2453 apud⁹
420 2367 556 2433 Dunhar
580 2387 689 2433 secum
713 2367 857 2433 adduxit
899 2367 951 2431 Ex
974 2366 1036 2432 hoc
1060 2365 1148 2430 enim
1169 2367 1252 2430 moti
1275 2371 1353 2432 sunt
1373 2387 1432 2432 rex

300 2454 428 2540 Angliae
449 2459 483 2520 et
503 2453 645 2518 universi
665 2453 800 2539 majores
824 2459 905 2519 natu
928 2453 1027 2538 regni,
1047 2453 1194 2518 videntes
1215 2452 1339 2537 quam¹⁰
1358 2457 1432 2518 acta

301 2542 466 2607 Scotorum
480 2539 714 2619 intollerabilis,
725 2546 759 2606 et
768 2540 838 2606 viso
852 2544 886 2606 ot
899 2540 1096 2606 considerato
1110 2538 1197 2624 quod
1206 2560 1264 2604 rex
1275 2539 1431 2605 Ricardus

300 2628 459 2694 secundus
481 2627 611 2712 juvenis
636 2633 712 2706 erat,
737 2626 900 2693 communi
925 2646 1082 2694 consensu
1106 2625 1188 2712 regis
1217 2632 1251 2690 at
1275 2626 1431 2692 baronum

300 2714 529 2780 ordinaverunt
550 2720 583 2780 et
597 2714 832 2799 deputaverunt
845 2714 960 2780 ducem
980 2712 1222 2798 Iong[o]astriae
1243 2712 1432 2791 Henricum,

300 2802 383 2886 regis
404 2800 533 2867 Ricardi
546 2805 706 2887 patruum,
720 2821 822 2886 usque
842 2800 884 2866 sd
905 2805 1032 2866 aetaum
1053 2799 1136 2885 regis
1157 2805 1268 2865 contro
1288 2798 1431 2864 insultus

302 2888 470 2953 Scotorum
493 2887 621 2973 Angliae
645 2893 857 2972 protectorem
881 2893 979 2972 atque
1004 2887 1221 2968 defensorem
1249 2891 1291 2966 et,
1315 2886 1357 2952 sd
1381 2907 1432 2952 re

302 2973 597 3058 compensacionem
619 2972 776 3038 malorum
800 2973 1032 3059 predictorum,
1053 2973 1162 3056 ipsum
1186 2993 1261 3038 cum
1282 2973 1433 3058 potencia

302 3064 496 3125 armatorum
519 3059 661 3124 maxima
689 3060 918 3127 ordinaverunt
946 3066 985 3124 ut
1013 3065 1115 3125 totam
1143 3064 1261 3125 terram
1286 3059 1432 3126 Scociae¹¹

302 3146 468 3230 usquead
490 3164 577 3210 mans
598 3145 802 3211 Scoticanum
823 3145 904 3210 ferro
927 3151 961 3212 et
984 3145 1114 3211 flamma
1138 3147 1208 3212 sine
1229 3167 1435 3232 quacumque

302 3231 518 3298 misericordia
527 3231 705 3296 infestamt:
726 3231 813 3316 quod
822 3231 870 3296 ita
879 3232 1001 3298 factum
1011 3238 1068 3298 est
1113 3232 1184 3310 Sed,
1193 3233 1265 3318 ipso
1275 3232 1311 3298 in
1322 3233 1437 3300 Soocia

303 3316 470 3399 existente,
484 3323 612 3403 propter
632 3337 782 3403 magnam
801 3317 1013 3384 curialitatem
1031 3324 1065 3384 ot
1086 3319 1228 3385 favorem
1242 3340 1340 3404 quam
1362 3321 1436 3406 ipse

303 3406 339 3471 in
367 3405 478 3471 Scocia
502 3404 581 3469 olim
602 3403 766 3483 habuerat,
790 3404 897 3470 minus
922 3403 1034 3490 quod¹²
1057 3410 1183 3490 potaret
1207 3406 1287 3492 ipsis
1312 3408 1434 3472 nocuit

304 3492 443 3557 Intravit
467 3491 554 3556 enim
578 3491 614 3556 in
642 3489 818 3557 ebdomada
846 3492 1008 3558 Passionis
1036 3493 1170 3558 Domini
1190 3493 1300 3558 ¹nostri
1327 3493 1436 3560 Jhesu

163 3601 217 3640 nn.
229 3589 295 3640 1385.
304 3577 433 3656 Christi,
448 3598 532 3643 anno
547 3577 726 3644 Dominioae
740 3577 901 3644 Passionis
916 3577 1106 3663 supradicte
1120 3579 1367 3686 u⁰ooc⁰lxxxv⁰3

350 3779 360 3814 r

349 3779 404 3904 lii).
414 3796 444 3902 it.
459 3848 522 3902 hooc
539 3849 639 3901 occisus
656 3853 698 3902 est
714 3849 837 3902 dominus
853 3849 991 3902 iohannes
1008 3849 1090 3916 Lyon,
1104 3849 1226 3903 dominus
1243 3850 1277 3904 de
1293 3851 1436 3917 Glammis,

304 3921 506 4042 pcr⁴dgmimrrtm
695 3918 749 4042 :3
761 3921 794 4043 ἓ.
804 3920 895 4043 Burgus
907 3921 979 4002 arsit.
1017 3921 1175 4043 ΙιιιιιέκοτΙΕΙΒ
1188 3991 1216 4043 lx

398 4007 514 4056 .paes.
783 4029 836 4044 ..
894 4008 939 4042 ers.
1081 4030 1132 4048 ,.
1218 4009 1301 4044 xxrnr.

351 4059 363 4096 ⁷
375 4063 403 4114 0.
417 4061 449 4115 D.
464 4061 494 4114 lu
508 4061 697 4122 (lullouwidiae,
709 4063 764 4113 aad
774 4077 802 4114 so
811 4063 919 4128 possim.

350 4129 362 4166 ⁸
374 4132 402 4185 G.
417 4133 447 4183 R
462 4131 644 4184 Lowmabanc.
682 4131 714 4184 D.
728 4131 922 4184 Louolrmsbau.
1082 4129 1133 4184 ⁹0.
1148 4133 1178 4185 lt
1191 4133 1247 4185 add
1257 4136 1374 4186 castrum
1387 4135 1431 4189 de.

339 4200 362 4236 ¹⁰
373 4203 400 4255 (l.
414 4206 446 4257 D.
460 4203 490 4256 lt.
504 4201 588 4269 quasi.
1070 4201 1090 4236 ¹¹
1104 4203 1133 4256 B.
1146 4205 1220 4256 omits
1231 4203 1336 4257 Seooim.

195 4277 203 4292 ⁸
339 4271 361 4308 1²
373 4290 454 4342 quam
466 4273 613 4326 achamoted
624 4275 651 4324 ia
663 4275 772 4338 marcis.
808 4273 837 4326 R
850 4289 937 4340 quam.
