3240 5130
342 485 403 544 354
714 493 808 543 LIBER
823 493 1092 544 Puusclsourvsts.

340 652 551 718 habitacionis
565 651 769 730 notabilibus,
782 652 843 718 viz.
857 651 967 718 comiti
981 650 1156 717 Buchaniaa
1176 656 1317 718 castrum
1332 652 1372 718 de
1397 652 1488 721 Cla·

339 739 490 817 tiliioun,¹
504 739 614 803 comiti
628 739 668 805 do
682 739 814 824 Wigton
830 739 1024 805 Ambibaldo
1041 738 1081 804 de
1100 739 1243 825 Douglss
1264 745 1412 806 casuum
1437 741 1486 807 de

340 826 449 891 Dunle
470 827 550 910 Roy,
564 832 598 891 ot
617 824 747 891 domino
768 825 897 890 Thomae
919 824 959 892 da
985 826 1087 891 Geton
1106 833 1247 892 castrum
1273 827 1314 892 do
1336 827 1483 912 Langes,

341 912 470 977 domino
483 911 627 978 Johanni
642 912 777 977 Stewart
787 912 828 978 de
842 912 966 997 Demly
980 917 1120 978 castrum
1134 912 1175 978 da
1190 913 1484 991 eoncourssuuisff

341 1019 538 1064 cumeorum
558 998 651 1064 terris
672 1005 707 1064 et
729 998 879 1064 dominiis
900 999 1111 1083 appropriatis
1135 1019 1173 1066 uo
1186 999 1276 1065 villis
1301 1006 1337 1066 et
1360 1003 1482 1066 muni-

341 1085 486 1151 cionibus
511 1085 696 1151 ditissimis:
720 1085 778 1170 qui
799 1085 964 1170 usquead
985 1085 1107 1150 bellum
1131 1086 1172 1151 do
1196 1084 1323 1172 Baugy¹
1343 1086 1479 1153 nullius

341 1172 553 1257 reputationis
567 1178 677 1252 arant3
698 1171 754 1238 sed
768 1177 896 1237 tanturn
910 1171 991 1237 dicti
1013 1177 1104 1237 erant
1118 1192 1138 1237 a
1151 1172 1283 1238 Francis
1297 1179 1478 1239 mutonum

341 1263 562 1324 commestores
575 1263 609 1324 et
622 1258 692 1323 vini
712 1264 949 1343 consumptores
964 1263 997 1324 et
1010 1259 1168 1338 tonsores,
1183 1265 1216 1324 st
1237 1261 1302 1344 reg'
1322 1261 1476 1325 Fronciaa

341 1351 375 1410 et
388 1345 491 1431 regni⁴
499 1345 641 1422 inutiles,
649 1345 749 1411 donec
759 1350 792 1412 ct
802 1345 996 1432 quo[usquo]
1005 1346 1210 1411 commissum
1224 1346 1284 1410 luit
1295 1345 1416 1409 bellum
1424 1345 1473 1410 de

342 1431 467 1516 Baugy¹
476 1452 533 1516 per
547 1431 657 1497 Scotos
667 1431 894 1516 principaliter,
903 1431 961 1496 ubi
974 1436 1044 1497 tots
1057 1431 1209 1498 nobilitas
1219 1437 1250 1498 et
1262 1431 1319 1496 flos
1333 1430 1471 1495 miliciae

246 1581 253 1596 ,
342 1519 528 1604 Anglieanta
549 1518 664 1584 cecidit
684 1519 721 1582 in
740 1517 834 1596 bello,
855 1519 891 1582 in
905 1517 1026 1602 Vigilia
1050 1519 1190 1598 Paschae,
1211 1519 1269 1584 sub
1287 1518 1407 1602 treugis
1429 1525 1469 1581 et

341 1604 1467 1776 titttmttbtitttttttttbtttbbt

342 1779 505 1844 Passionis
527 1777 647 1843 Obristi
669 1783 703 1843 ot
725 1778 918 1862 recepcionis
942 1779 1139 1860 sacramenti.
1182 1778 1248 1857 Qui
1268 1783 1375 1844 tamen
1396 1777 1469 1841 An-

342 1865 467 1950 glorum
478 1863 642 1949 principes
663 1885 704 1929 ex
724 1863 851 1930 insidiis
873 1863 1001 1943 dolose,⁵
1014 1865 1050 1929 in
1071 1864 1183 1951 vigilis
1201 1865 1282 1931 dicti
1302 1865 1377 1930 fasti
1389 1865 1472 1929 Pas-

343 1951 453 2028 cbnlis,
468 1951 571 2016 Scotis
585 1950 634 2015 nil
647 1950 726 2015 mali
738 1951 939 2036 putantibus,
959 1971 1068 2035 ymmo
1082 1951 1186 2018 tocius
1200 1951 1268 2017 doli
1288 1958 1322 2017 et
1346 1951 1474 2016 fraudis

343 2037 511 2122 expartes,¹
524 2038 640 2114 subito,
654 2037 756 2103 Scotis
770 2037 812 2102 ad
825 2037 966 2122 palmam
978 2037 1166 2104 ludentibus
1180 2045 1214 2104 et
1229 2038 1303 2104 aliis
1320 2037 1473 2122 jocundi-

342 2125 420 2190 tatis
442 2131 475 2190 et
496 2123 678 2190 devocionis
704 2123 967 2208 oocupaoionibus
991 2124 1189 2204 vacantibus,
1211 2126 1248 2189 in
1270 2125 1351 2209 ipsis
1376 2125 1473 2210 qnasi

343 2211 519 2277 inermibus
539 2211 707 2276 irruerunt
752 2210 816 2276 Sed
837 2211 914 2296 quia
934 2231 991 2295 per
1012 2211 1168 2276 Divinam
1191 2212 1345 2298 pietatem
1368 2211 1469 2296 aliqui

343 2298 501 2363 notabiles
514 2297 577 2362 viri
591 2302 681 2362 erant
693 2296 842 2362 ludentes
862 2297 949 2381 apud
971 2317 1072 2362 unum
1094 2299 1277 2382 passagium
1301 2298 1464 2382 cujusdam

343 2385 461 2470 riparii,
474 2383 533 2469 'qiu
547 2404 656 2449 eorum
668 2383 790 2449 vexilla
802 2404 860 2468 por
872 2383 989 2450 boscos
998 2391 1031 2449 et
1044 2403 1174 2449 nemora
1186 2385 1223 2450 in
1236 2385 1365 2450 insidiis
1387 2385 1465 2450 clam

343 2470 510 2572 veniencia
529 2475 745 2572 perceperunt,
760 2475 794 2535 et
814 2470 921 2535 subito
942 2489 1016 2535 cum
1037 2471 1174 2537 arcubus
1195 2478 1228 2537 et
1250 2491 1325 2536 cum
1349 2470 1468 2536 lanceis

343 2556 878 2728 titilitbttttat
892 2556 1469 2730 mitissimi}

343 2737 503 2816 putantes,
524 2731 560 2794 in
584 2751 637 2796 ore
658 2729 757 2816 gladii
779 2731 961 2816 consumpti
985 2731 1129 2797 fuissent.
1173 2731 1217 2796 Et
1241 2731 1287 2797 sic
1307 2730 1469 2816 principes

344 2813 530 2902 Anglorum,
565 2817 749 2883 solemniter
784 2817 909 2897 armati,
937 2818 1189 2902 praesumpcione
1224 2837 1283 2882 sua
1317 2823 1468 2903 putantes

344 2905 456 2968 Sootos
470 2902 601 2968 omnino
615 2905 650 2968 in
664 2904 732 2969 ictu
751 2903 837 2969 oculi
856 2903 1065 2990 prosternaro¹
1079 2909 1111 2969 ot
1133 2904 1333 2982 confundere,
1345 2903 1467 2967 relictis

343 3010 454 3054 eornm
467 2989 640 3074 sagittariis
655 3011 695 3055 ex
709 2989 810 3054 nimia
823 2990 1020 3068 festinantia,
1034 2990 1147 3075 agitati
1161 3011 1217 3074 per
1231 2991 1339 3056 Scotos
1351 2987 1467 3053 leviter

345 3079 492 3154 matos,
506 3081 539 3140 et
549 3075 705 3159 quosdam
713 3077 861 3154 inermes,
870 3077 928 3160 qui
938 3077 974 3142 in
982 3097 1077 3141 cursu
1088 3076 1268 3142 subitaneo⁹
1277 3075 1468 3142 validissimi

345 3163 408 3228 viri
419 3167 496 3227 sunt
506 3168 540 3227 et
549 3160 611 3226 in¹⁰
619 3160 789 3226 lanoeam¹¹
800 3162 1138 3241 strenuissimi-cum
1148 3165 1273 3249 ingenti
1280 3164 1415 3229 clamore
1426 3161 1469 3226 ad

345 3255 462 3314 nutum
472 3248 660 3334 congregati,
674 3247 894 3334 stAnglorum
907 3249 1097 3316 infidelitate
1119 3251 1254 3315 animati
1278 3249 1471 3326 audaciores,

345 3337 381 3401 in
395 3355 504 3402 eornm
517 3334 672 3401 fidelitate
693 3333 897 3413 confidentes,
911 3343 944 3401 et
957 3335 1210 3422 probabiliores¹¹
1223 3337 1301 3404 facti
1319 3342 1416 3417 sunt3
1436 3342 1471 3401 et

345 3443 420 3489 oum
433 3429 501 3487 tarn
513 3419 696 3488 vehementi
704 3423 828 3506 impetu
838 3422 998 3508 principes
1006 3422 1184 3507 Anglorum
1195 3444 1269 3489 cum
1279 3424 1401 3489 buccis
1411 3422 1471 3488 et¹⁸

345 3507 465 3574 malliis
482 3507 590 3574 laneis
601 3516 635 3575 ct
644 3508 797 3594 plumbiis
807 3516 841 3575 et
849 3509 964 3596 gladiis
975 3511 1168 3576 acutissimis
1177 3509 1388 3596 impulsantes
1398 3529 1472 3595 pro-

345 3601 535 3673 straverunt,
553 3593 613 3660 et¹⁴
634 3601 701 3661 tam
715 3596 876 3680 principes
889 3595 1015 3681 quam¹¹
1027 3617 1136 3662 eorum
1150 3597 1390 3674 commilitones,
1405 3616 1473 3662 uns

345 3704 421 3749 oum
435 3703 544 3748 sorum
558 3681 726 3766 signiferis,
736 3683 873 3760 vexillis,
884 3682 1034 3761 steterim,
1042 3682 1280 3768 pannonibus,¹¹
1288 3683 1473 3768 panniculis

345 3774 379 3836 et
392 3769 493 3854 signis
505 3767 630 3834 bellicis
643 3769 809 3854 prostratis
823 3776 856 3835 ot
870 3769 1011 3855 dejectis,
1024 3770 1060 3834 in
1081 3775 1198 3836 terram
1211 3770 1320 3836 florem
1340 3769 1473 3835 miliciae

345 3855 516 3942 Anglioani
537 3855 703 3933 exercitus,
731 3856 846 3921 ducem
871 3855 1052 3934 Olarcnciae,
1074 3857 1156 3942 regis
1180 3856 1307 3942 Angliae
1331 3856 1474 3933 bomem,

393 4041 403 4075 ¹
415 4042 442 4094 0.
456 4041 486 4093 lt
499 4039 668 4092 Ohstillioun.
1123 4039 1134 4074 ¹
1146 4043 1174 4094 O.
1188 4043 1220 4093 D.
1230 4043 1260 4093 m
1271 4041 1472 4094 Conconrssult

392 4109 733 4176 ¹AlterodlotertoBaugs.
1122 4110 1175 4164 ⁴B.
1190 4113 1219 4166 0.
1232 4113 1265 4165 Ι).
1278 4111 1309 4164 E.
1322 4127 1411 4179 regno.

392 4180 443 4235 ⁶0.
457 4183 487 4234 Ε.
501 4185 529 4232 at
539 4179 642 4232 insidiis
654 4179 744 4244 dolosi.
781 4179 814 4232 D.
827 4179 920 4233 dolols.
1121 4181 1173 4234 ⁰0.
1187 4183 1219 4234 D.
1232 4183 1264 4235 Ε.
1277 4185 1405 4250 expertes.

392 4251 403 4286 ¹
416 4252 444 4303 (i.
459 4251 489 4303 lt
501 4251 556 4302 odd
567 4267 607 4302 ex.
714 4247 726 4283 ⁸
738 4249 766 4303 0.
779 4249 811 4304 Ε.
823 4255 1030 4318 prosternentes.
1122 4251 1134 4287 ¹
1146 4253 1174 4305 (l.
1188 4253 1219 4305 E.
1231 4253 1382 4304 cubitando.

381 4321 403 4356 ¹⁰
414 4323 444 4373 ll
458 4322 486 4372 0.
502 4321 534 4373 D.
544 4321 574 4372 Ε.
588 4321 629 4374 sd.
700 4317 762 4373 ¹¹0.
776 4319 952 4374 blavineam.
1111 4321 1173 4376 ¹¹0.
1187 4323 1216 4375 is.
1230 4322 1371 4390 probiores

380 4391 401 4426 ¹¹
413 4391 440 4444 (l.
455 4391 485 4444 u.
498 4390 645 4458 Anglorum
657 4389 755 4444 lanceis
766 4395 794 4443 et
806 4391 872 4444 aliis.
1108 4391 1130 4426 ¹¹
1142 4393 1172 4446 B.
1186 4394 1214 4447 0.
1230 4393 1260 4446 E.
1273 4393 1353 4460 quod.

380 4463 401 4498 ¹¹
413 4463 441 4514 Ο.
455 4460 531 4528 qnod
1108 4461 1129 4498 ¹¹
1141 4463 1169 4516 C.
1183 4464 1214 4516 u.
1227 4463 1398 4532 pannonibus
