3254 5122
562 452 945 504 seruumxrorumrcn.
1220 437 1324 504 xxxiii

196 608 348 694 Sequitur
361 608 400 674 de
413 609 517 694 primo
531 613 621 675 motu
636 609 844 677 discensionis
858 613 943 678 inter
953 613 1063 679 Scotos
1079 619 1112 680 et
1123 612 1231 678 Pictos
1245 617 1326 677 tem·

281 727 358 792 pore
371 707 567 774 Dioclesieni
581 708 635 775 vel
649 713 724 775 ante
738 717 856 776 exortas
868 711 1046 796 paululum.

955 809 1147 894 uersuum
1161 807 1279 876 xxxtii.

195 979 347 1064 Sequitur
361 980 401 1046 de
423 979 638 1046 convencione
653 980 796 1046 Caransii
810 982 895 1046 fecte
914 1001 987 1048 eum
1003 981 1106 1048 Scotis
1120 987 1154 1048 et
1168 981 1278 1061 Pictis,
1293 987 1326 1048 et

279 1080 383 1166 prime
397 1079 555 1166 ejeceione
569 1080 786 1146 Romunomm
800 1081 840 1146 de
855 1081 1005 1148 Britanie.

957 1178 1151 1264 Capitulum
1165 1179 1297 1248 exstiti.

193 1351 346 1438 Sequitur
360 1353 400 1420 de
413 1352 626 1419 retifioecione
640 1353 864 1418 conuentionis
878 1353 1022 1438 ejusdem
1037 1353 1182 1420 Curensii
1194 1354 1323 1420 foederis

277 1454 363 1518 inter
381 1453 546 1519 insulanos
567 1454 677 1520 Scotos
699 1457 732 1518 et
752 1453 900 1519 Britones
922 1461 956 1519 et
976 1454 1084 1520 Pictos
1102 1455 1193 1534 inito,
1207 1455 1324 1542 imper

247 1552 585 1654 'petuumdnreturu
957 1549 1266 1636 Cepitutuutxxxix,

193 1726 344 1812 Sequitur
357 1728 397 1793 de
410 1727 588 1813 prodiciose
601 1735 703 1794 morte
718 1729 862 1795 Ceransii
881 1749 1046 1814 persuum
1068 1729 1221 1796 dilectum
1235 1730 1322 1796 mili-

276 1833 352 1905 tem,
366 1831 400 1892 et
420 1828 490 1911 ejus
511 1827 553 1892 ad
573 1827 738 1893 innrlanos
759 1827 983 1894 exhortacione
997 1848 1055 1894 seu
1076 1829 1229 1908 doctrine,
1243 1849 1322 1914 quo-

277 1926 371 1991 modo
386 1925 426 1992 de
440 1925 592 1993 Romanis
605 1925 660 1992 vel
673 1926 918 2011 quibuscunque
936 1927 1057 1992 ceteris
1079 1928 1321 1994 adversantibus

275 2023 497 2090 transmarinis
511 2044 635 2110 semper
649 2045 683 2089 se
698 2024 910 2090 defenderent
955 2023 1146 2108 ursinum
1159 2025 1203 2094 Α

330 2161 393 2213 Post
404 2159 533 2212 Adiectur
546 2161 587 2224 (u.
599 2177 625 2232 p.
636 2159 706 2222 621.
717 2159 760 2224 ³7)
773 2159 825 2214 hcc
836 2163 933 2213 Μία
942 2166 1003 2212 ruet
1010 2161 1172 2228 :-proditor
1183 2162 1249 2230 eius.

330 2246 394 2298 Post
404 2243 551 2297 nebridium
563 2245 604 2308 (u.
620 2243 665 2296 loe
677 2245 733 2308 ut)
746 2243 798 2297 her
805 2243 1003 2296 :-Sritonibus
1014 2243 1141 2298 cerunt

190 2402 344 2488 Sequitur
365 2401 405 2468 de
426 2401 624 2468 successione
646 2399 779 2466 Gellarii
800 2407 833 2466 et
855 2401 1041 2468 Constenoii
1060 2401 1274 2486 Imperatoris,
1288 2408 1322 2467 et

275 2501 360 2568 ballo
375 2500 579 2569 Constantini
594 2507 704 2566 contra
718 2498 829 2566 Sootos
842 2505 876 2566 et
890 2498 1038 2566 Britones
1052 2500 1267 2582 Albenensis;
1288 2508 1323 2566 et

274 2601 315 2668 de
336 2601 535 2666 successione
556 2598 669 2685 Magni
684 2598 888 2666 Constantini
904 2599 1118 2685 Imperatoris,
1140 2605 1173 2666 et
1194 2600 1234 2666 de
1251 2601 1321 2686 ejus

274 2703 432 2769 auunculo
446 2700 612 2768 Throherii
625 2721 683 2786 per
696 2701 806 2767 Scotos
821 2707 854 2768 et
868 2700 1016 2766 Britones
1030 2699 1156 2766 occiso.¹

950 2797 1144 2884 uquarum
1158 2796 1215 2866 xli.

191 2959 341 3052 Sequitur
354 2961 440 3049 quod
456 2962 609 3030 Ostorius
629 2983 687 3028 rex
702 2961 872 3028 Britonum
886 2960 1058 3046 tripharins
1071 2960 1186 3027 insulae
1199 2964 1319 3046 gentes,

273 3061 630 3141 viz.Scotos,B1itones
652 3066 685 3127 et
699 3061 816 3140 Pictos,
831 3060 873 3125 ad
893 3061 1052 3125 unitatem
1070 3058 1160 3144 pecie
1181 3059 1320 3136 reduxit.

273 3169 312 3228 ut
331 3162 409 3229 olim
430 3161 508 3228 fecit
523 3159 718 3236 Carensius3
740 3163 774 3225 et
800 3159 839 3224 de
862 3157 1061 3226 successione
1082 3157 1221 3223 filiorum
1235 3158 1320 3225 Con-

273 3260 410 3329 stuucii¹
948 3254 1139 3340 walum
1153 3255 1224 3324 xlii.

189 3425 341 3511 Sequitur
354 3424 440 3510 quod
456 3422 615 3498 Coranus,
628 3439 728 3506 nepos
743 3417 881 3498 Octovii,
896 3418 1005 3485 Scotos
1019 3418 1127 3484 Pictos
1142 3419 1184 3484 sd
1198 3419 1318 3485 bellan·

274 3525 352 3590 dum
380 3523 517 3588 duxeret
546 3525 657 3585 contro
686 3525 862 3603 tyr-numm
893 3517 1085 3596 Maximum,
1114 3517 1318 3584 Constantini

274 3623 388 3708 Magni
409 3617 686 3704 consanguinium,
700 3617 758 3702 qui
773 3615 940 3682 Maximus
953 3615 1168 3701 postmodum,
1178 3617 1319 3684 similata

273 3741 359 3808 pace,
373 3721 482 3786 Pictos
498 3725 531 3784 et
546 3719 657 3784 Scotos
671 3715 788 3783 callide
803 3717 969 3801 reperavit

946 3824 1139 3912 Capitulum
1153 3824 1238 3894 ultis

186 3970 337 4056 Sequitur
365 3965 451 4054 quod
476 3967 625 4032 Britones
648 3985 721 4032 cum
746 3963 856 4044 Pictis,
878 3964 960 4030 duee
984 3963 1139 4043 Maximo,
1163 3963 1317 4030 Scotosc

270 4067 569 4156 regnodeJeeerunt.
945 4061 1137 4146 wreus
1151 4059 1252 4130 xliiii

219 4256 229 4292 ¹
241 4256 305 4309 Thia
316 4255 377 4309 title
387 4255 412 4307 ir
422 4255 498 4307 made
511 4271 547 4323 up
559 4255 587 4307 oi
597 4259 652 4306 two
664 4255 693 4306 oi
703 4253 832 4306 Fordun’s
844 4253 924 4306 titleu

182 4325 490 4466 chighiivi'mrmdun’!
506 4325 567 4378 title
584 4329 613 4378 to
631 4326 677 4379 the
695 4325 850 4392 eueoeeding
870 4323 981 4391 rhspter
991 4341 1000 4387 ς
1017 4321 1071 4375 sud
1090 4340 1120 4374 so
1139 4339 1171 4375 on
1189 4324 1267 4376 down
1286 4329 1315 4376 to
