3282 5124
618 433 882 483 nunuocrsrua
1268 425 1328 484 199

199 587 337 666 dotibus,
358 587 490 668 clericis,
509 610 585 654 cum
605 590 765 656 universis
785 590 928 675 parvulis
950 597 983 656 et
1003 590 1238 656 miserabilibus
1256 613 1328 677 pen

198 675 295 753 sonis,
309 675 430 740 eisdem
445 681 553 742 tamen
566 677 771 742 immunitate
787 678 929 744 ecclesiae
942 698 1008 742 non
1022 683 1147 743 servata
1167 679 1327 762 refugium

198 761 320 826 ibidem
344 763 569 846 quaerentibus,
590 784 699 848 ymmo
720 763 854 830 ecclesia
875 764 961 830 dicta
981 764 1057 848 igno
1080 769 1227 842 cremata
1242 764 1328 828 nulli

198 853 363 930 parcentes
378 849 475 926 aeteti,
485 850 589 914 ordini
602 851 656 915 rel
667 851 769 928 sexui,
783 871 892 916 omnes
907 851 1005 916 simul
1018 852 1055 915 in
1068 851 1180 917 eadem
1194 849 1328 918 ecclesis

199 935 268 1000 sins
293 935 509 1012 misericordia
535 936 672 1002 extincti
697 944 794 1019 sunt;
822 937 895 1002 aliis
915 957 991 1002 vero
1017 937 1158 1004 ecclesiis
1181 937 1328 1022 spoliatis

198 1022 265 1086 suis
287 1023 481 1088 ornamentis
502 1043 539 1089 ac
553 1023 691 1102 foedatis,
706 1031 739 1088 et
760 1025 916 1110 sanguine
932 1025 1108 1090 occisorum
1128 1024 1271 1108 pollutis,
1286 1023 1327 1088 de

198 1128 308 1173 cruore
336 1111 511 1174 occisorum
541 1111 582 1175 ad
610 1110 737 1176 easdem
766 1110 1032 1212 mntugienoium
1061 1111 1155 1177 factis
1189 1110 1327 1176 stabulis

197 1214 361 1278 equorum,
375 1195 438 1260 heu
459 1196 641 1280 prodolorl¹
662 1217 750 1262 more
763 1197 943 1282 gentilium,
957 1219 1015 1282 per
1035 1199 1143 1283 ipsum
1163 1217 1271 1282 regem
1292 1202 1327 1262 et

197 1301 279 1346 suos.
323 1283 456 1368 Propter
469 1304 542 1367 quae
563 1282 649 1348 mala
663 1289 696 1349 st
710 1283 845 1349 aliorum
866 1285 1041 1350 multorum
1062 1284 1218 1350 malorum
1240 1303 1326 1350 conr·

196 1367 382 1434 missionem
399 1369 441 1434 ab
454 1370 552 1435 inicio
574 1371 603 1435 si
623 1371 688 1456 ipsi
709 1370 797 1436 Scoti
810 1371 1050 1455 quomodolibet
1064 1391 1099 1436 se
1120 1371 1327 1436 defenderant

195 1454 231 1518 in
245 1454 339 1532 facto,
353 1477 395 1522 ne
409 1455 517 1522 dolore
530 1456 664 1522 devicti¹
678 1462 900 1542 processerunt
913 1457 955 1523 ad
968 1458 1154 1536 vindictam,
1169 1477 1228 1522 nec
1241 1457 1326 1522 laesae

196 1543 373 1626 majestatis
387 1549 523 1627 possunt
537 1544 680 1608 criminis
694 1564 751 1628 per
764 1565 870 1630 regem
880 1545 979 1630 argui,
986 1543 1073 1629 quae⁸
1086 1565 1152 1609 non
1166 1545 1326 1621 suberant,

196 1648 254 1692 nec
269 1628 309 1693 de
323 1649 420 1715 regno
434 1630 505 1714 ipso
519 1631 582 1696 sibi
596 1631 729 1714 probare
749 1631 868 1714 poterit
882 1639 1059 1716 spontanea
1072 1631 1183 1710 cessio,
1197 1651 1270 1715 quae
1284 1629 1325 1695 de

192 1714 264 1797 jure
285 1735 352 1780 non
364 1717 570 1801 presumitur
583 1717 654 1782 fieri
667 1717 765 1784 alicui
782 1717 941 1798 invasori3
965 1719 1042 1802 quia
1056 1723 1181 1784 constat
1195 1717 1325 1803 publice

194 1801 303 1884 ipsum
327 1823 460 1888 mgnum
483 1803 614 1870 Smeiae*
634 1805 817 1890 peripsum
842 1824 949 1890 regem
969 1805 1096 1890 Anglise
1117 1803 1325 1889 multipharie

195 1888 368 1972 spoliatum
381 1890 531 1974 primitus
541 1891 611 1975 jam
624 1889 730 1957 fuisse

505 2135 667 2222 §rariter
681 2138 717 2206 ba
731 2139 928 2209 arza-o.
944 2139 1009 2208 liii.

192 2284 306 2390 ΕΤ,
320 2311 451 2396 quiade
465 2311 529 2378 hiis
543 2318 576 2378 et
590 2313 662 2378 aliis
684 2314 788 2380 causis
802 2319 835 2380 et
849 2313 1101 2380 circumstenciis
1122 2313 1246 2398 negocii
1259 2333 1325 2378 non

193 2397 287 2463 aliter
301 2405 446 2464 constare
460 2400 541 2465 bene
554 2399 694 2485 poterit,⁶
704 2401 770 2466 nisi
783 2400 1014 2466 assercionibus
1028 2400 1173 2485 parcium
1186 2419 1324 2484 praesen-

194 2485 280 2550 oium
295 2491 328 2550 et
341 2486 587 2570 probationibus
601 2493 801 2552 narratorum
814 2487 969 2553 iaciendis
983 2507 1089 2552 coram
1106 2487 1217 2571 judice
1238 2506 1323 2551 com-

194 2572 313 2655 pente,⁶
332 2579 428 2657 prout
441 2573 511 2638 ficri
532 2573 659 2652 debent,
674 2579 707 2638 et
728 2595 794 2638 non
814 2574 884 2640 sine
906 2573 1137 2640 deliberacione
1159 2572 1276 2650 debita,
1290 2577 1324 2637 et

193 2658 279 2742 quod
294 2665 401 2724 totum
414 2664 482 2724 tem
496 2659 633 2725 arduum
646 2662 814 2745 negocium
827 2681 885 2746 per
898 2680 1061 2726 summum
1074 2660 1259 2746 pontificem
1273 2657 1323 2724 fit¹

192 2751 376 2810 revocatum
398 2752 431 2811 et
452 2746 635 2831 apostolicae
655 2747 741 2813 sedis
763 2768 899 2813 examen
916 2747 1082 2824 debitum,⁸
1096 2753 1134 2812 ut
1147 2746 1268 2812 ibidem
1282 2745 1324 2811 de

191 2831 262 2915 ipso
283 2837 353 2897 toto
374 2835 505 2918 negocio
526 2833 617 2899 fieret
637 2834 725 2917 quod
742 2835 825 2919 juuis
839 2839 898 2911 est,
913 2835 1005 2919 cujus
1027 2833 1111 2899 sedis
1132 2853 1277 2911 examen,
1291 2831 1324 2897 a¹

187 2918 310 3001 judicio
336 2925 370 2984 et
391 2921 564 2998 munitum,
589 2919 625 2985 id
647 2940 713 2985 non
737 2925 845 3005 potest
868 2941 926 2986 rex
951 2919 1111 3006 Angliae,¹⁰
1131 2920 1201 2985 sine
1226 2939 1323 2984 cause

191 3005 292 3090 magis
307 3007 485 3086 manifesta,
500 3012 596 3092 prout
613 3007 682 3092 jam
703 3007 828 3088 nititrn,
850 3007 1032 3092 aliqualiter
1052 3007 1213 3072 declinam
1228 3005 1266 3087 3¹¹
1287 3011 1321 3072 ct

190 3092 356 3174 potissime
380 3095 466 3178 quia,
488 3099 562 3179 post
587 3095 785 3158 notificatam
810 3093 873 3159 sibi
897 3094 1042 3179 ejusdem
1066 3113 1171 3159 osusae
1194 3111 1322 3158 revoca·

191 3177 324 3255 cionem,
334 3180 404 3263 jam
417 3181 468 3245 bis
491 3181 635 3246 exercitu
649 3187 845 3266 congregato,
859 3181 895 3244 in
909 3181 1033 3246 dictum
1054 3199 1187 3265 regnum
1202 3179 1320 3258 Soociae

190 3263 352 3329 hostiliter
361 3267 457 3331 irruit
467 3267 507 3332 de
517 3264 637 3344 ιιοιιο,12
650 3267 687 3331 in
696 3268 798 3352 ipsius
810 3266 895 3332 sedis
906 3266 1087 3353 apostolicae
1099 3270 1319 3351 contemptum

186 3349 334 3433 jurisque
348 3351 498 3436 injuriam
523 3354 559 3418 in
573 3353 653 3418 dicti
666 3353 756 3438 regni
770 3353 993 3438 praejudicium
1014 3357 1048 3418 et
1062 3352 1239 3438 dampnum
1252 3372 1320 3416 non

190 3436 361 3516 modicum,
375 3443 408 3502 et
430 3439 616 3504 scandalum
634 3439 855 3524 plurimorum,
869 3460 927 3523 per
947 3439 1008 3504 hoo
1029 3439 1152 3505 notorie
1173 3437 1319 3504 incidens

189 3522 362 3671 ῗρῳηωῃ
376 3525 465 3590 illius
476 3526 718 3628 mustitucionis
729 3531 762 3592 et
770 3526 859 3626 legis,
869 3526 908 3676 {a
917 3529 987 3610 prus
997 3527 1035 3591 ic
1046 3525 1205 3626 aarum?
1214 3529 1272 3591 etc.
1285 3530 1319 3626 et

186 3613 744 3784 ultl‘gdrttflapssldd
764 3631 947 3780 tillet
964 3618 1317 3784 llrlllluiddll

234 3907 244 3942 ¹
258 3909 287 3962 Β.
300 3910 442 3976 protholor.
480 3911 509 3964 O.
522 3911 552 3965 It
566 3911 648 3979 pruch
660 3909 740 3964 dolor.
777 3909 810 3962 D.
825 3910 905 3978 prcth
916 3910 996 3963 dolor.

234 3976 286 4032 ²0.
300 3981 330 4032 lli
343 3980 441 4032 delicti.
907 3979 958 4034 ³0.
972 3981 1002 4032 Ε.
1016 3981 1067 4033 cui.

234 4047 246 4082 ⁴
258 4051 286 4102 R
300 4054 375 4103 cmm
386 4051 473 4118 ipsum
485 4067 596 4118 reguum
607 4051 710 4103 Seocioe.
904 4047 956 4104 ⁸0.
970 4051 999 4104 ll.
1015 4051 1105 4118 potuit
1116 4051 1171 4102 aad
1182 4053 1243 4102 coiit
1255 4049 1313 4103 nisi.

233 4117 285 4172 ⁰13.
300 4127 476 4188 comparente.
512 4123 541 4174 O.
554 4121 584 4174 lt
599 4121 767 4190 competenti.
803 4121 837 4174 D.
850 4125 987 4190 comperta
999 4122 1096 4173 abead
1106 4129 1132 4173 to
1144 4121 1283 4188 comperti.

232 4188 243 4223 ¹
256 4191 285 4243 B.
299 4191 332 4244 D.
345 4192 389 4243 sit
426 4192 454 4244 C.
469 4193 499 4244 lli
513 4193 558 4245 sic.
821 4189 875 4244 ⁸0.
889 4191 918 4244 lu
932 4192 1053 4243 examina
1064 4191 1196 4242 debatsm.

232 4257 244 4292 ⁹
256 4261 283 4315 O.
297 4261 327 4315 R
343 4265 405 4314 malt
416 4279 440 4314 a.
811 4259 833 4295 ¹⁰
845 4279 861 4314 a
871 4261 1109 4330 iudicio-Angliae
1121 4277 1179 4313 ovar
1190 4277 1300 4314 erasm

220 4329 241 4364 ¹¹
254 4333 282 4384 Ο.
296 4333 325 4384 Ε.
340 4333 481 4386 declarare
555 4331 576 4366 ¹¹
589 4333 638 4394 No,
648 4333 802 4396 marmorcis
814 4331 911 4385 altered
922 4339 947 4386 to
958 4349 1037 4384 nouo.
1063 4333 1091 4382 B.
1106 4331 1135 4384 G.
1149 4331 1181 4384 D.
1194 4331 1223 4383 E
1237 4347 1312 4384 novo.

117 4463 119 4474 Ι
220 4399 241 4435 ¹³
253 4405 280 4454 0.
294 4403 324 4454 n
338 4409 448 4456 tanum.
629 4401 650 4437 ¹⁴
662 4404 692 4456 B.
705 4403 776 4471 quid
984 4401 1005 4436 ¹¹
1018 4403 1047 4454 B.
1063 4403 1095 4454 D.
1109 4402 1152 4473 sit.
1247 4407 1248 4410 ’
