3286 5112
317 507 379 566 228
690 515 1068 566 crassatuscssnsusrs.

313 694 409 740 verus
430 673 561 752 amicus,
575 675 632 759 qui
646 674 747 741 eciam
767 675 803 739 in
824 681 967 760 tempora
980 671 1180 739 necessitatis
1195 691 1352 758 suprema
1371 692 1445 756 prc-

313 761 418 839 batus,
431 761 494 826 hoo
507 761 657 840 audisset,
667 783 742 827 cum
755 762 895 846 quodam
909 761 1029 826 famulo
1043 781 1101 826 suo
1115 759 1284 825 duodecim
1297 759 1444 824 denarios

315 855 349 913 et
369 869 473 912 unum
493 869 552 934 par
572 847 742 914 calcarium
765 855 931 914 acutorum
952 848 1015 912 sibi
1033 848 1074 912 de
1099 867 1168 912 sem
1191 847 1381 911 festinanter
1401 845 1443 910 ad

314 934 472 1018 ospicium
497 956 591 1000 suum
616 941 734 1001 secreta
758 935 946 1012 transmisit,
971 934 1104 998 dicendo
1130 933 1180 998 si:
1206 933 1309 998 “Hoc
1337 929 1470 996 nobis·

314 1023 504 1086 transmittit
519 1023 666 1088 dominus
687 1043 778 1088 meus
793 1043 868 1088 cum
886 1021 1063 1106 graciarum
1076 1020 1267 1098 accionibus,
1281 1018 1443 1084 reddendo

313 1108 405 1173 vobis
419 1129 457 1174 ea
467 1129 539 1193 quae
550 1109 602 1174 die
612 1109 761 1174 hesterna
774 1109 895 1174 arabis
905 1108 945 1173 de
959 1113 1072 1172 mutuo
1086 1107 1234 1192 accepit.”
1278 1105 1357 1184 Quae
1367 1125 1442 1171 vera

313 1194 471 1261 Robartus
493 1196 532 1262 de
547 1197 647 1280 Bmys
661 1217 736 1261 cum
753 1195 901 1272 audisset,
917 1215 955 1260 ea
968 1195 1004 1258 in
1024 1202 1132 1258 mente
1146 1194 1319 1277 prudenter
1339 1191 1442 1257 revol-

313 1301 402 1360 vens,
417 1283 528 1348 statim
542 1303 599 1367 per
612 1283 720 1348 oblata
734 1282 866 1368 pignora
887 1280 1072 1346 eminentis²
1085 1279 1220 1365 periculi
1234 1280 1296 1344 sibi
1310 1278 1439 1344 ventum

313 1375 406 1434 caute
430 1370 675 1453 conjecturando
702 1367 905 1453 conceptum⁸
929 1367 1150 1452 incorporavit.
1198 1366 1264 1444 Qui
1287 1366 1438 1430 continuo

311 1457 432 1540 gracias
455 1477 560 1541 agens,
574 1457 692 1520 nuncio
712 1461 920 1532 remunerato,
935 1454 1072 1519 eundem
1092 1453 1134 1518 ad
1156 1453 1323 1518 dominum
1344 1472 1440 1517 suurn

311 1542 536 1622 redestinavit3
558 1543 748 1620 atinstante
759 1542 902 1626 ejusdem
916 1541 1019 1606 noctis
1030 1539 1306 1624 crepusculo,eum
1316 1539 1439 1604 iturum

312 1627 354 1692 ad
367 1634 473 1710 partes
484 1629 602 1694 Scociae
617 1649 691 1692 cum
705 1628 793 1692 omni
807 1628 1014 1693 festinacione
1027 1627 1235 1712 praeparavit3
1255 1625 1316 1691 hoo
1329 1631 1438 1690 tamen

310 1713 402 1778 nullo
427 1715 557 1792 sciente,
580 1715 645 1780 nisi
670 1715 739 1799 ejus
763 1715 957 1792 secretarius,
982 1735 1057 1780 cum
1085 1733 1150 1777 uno
1172 1712 1293 1778 famulo
1315 1713 1352 1777 in
1374 1733 1439 1796 quo

309 1799 385 1884 plus
406 1801 592 1866 confidebat.
637 1801 761 1879 Postea,
774 1807 886 1867 vocato
908 1800 1080 1866 senescallo
1094 1821 1161 1878 suo,
1174 1800 1297 1864 bonum
1310 1797 1438 1863 vultum

310 1885 442 1952 familiae
463 1909 529 1953 suae
550 1889 661 1967 facere,
686 1894 720 1954 et
741 1889 855 1953 vinum
876 1887 1099 1952 habundanter
1121 1886 1242 1951 eisdem
1262 1886 1438 1972 propinare,

309 1975 481 2059 praecepit3
505 1995 543 2040 ac
557 1975 698 2060 seipsum
712 1975 748 2040 in
761 1995 893 2053 camera,
907 1981 1063 2058 tanquam
1078 1972 1179 2058 [oum]
1194 1993 1252 2038 suo
1271 1973 1438 2037 secretario

310 2059 419 2144 aliqua
442 2061 540 2128 ardua
564 2067 767 2140 tractaturus,
788 2082 822 2127 se
847 2061 985 2127 reclusit.
1028 2061 1081 2139 Et,
1104 2064 1143 2123 ut
1164 2059 1297 2143 quidam
1321 2059 1437 2136 ierunt,

309 2146 400 2213 ferris
415 2169 570 2232 equorum
584 2169 625 2214 ex
638 2170 748 2214 everso
762 2147 917 2226 confixit,⁴
930 2152 1059 2233 propter
1072 2145 1252 2230 periculum
1266 2146 1351 2211 nivis
1364 2144 1439 2210 hac⁵

309 2240 411 2313 nocte,
424 2243 463 2300 nt
477 2236 635 2314 asseribn,
650 2235 800 2313 cadentis,
814 2241 853 2299 ut
866 2235 976 2300 nullus
985 2233 1121 2318 vestigia
1134 2253 1289 2317 equorum
1307 2252 1438 2296 sucrum

308 2342 420 2387 versus
449 2323 593 2388 Sccciam
628 2323 742 2401 eundo,
770 2343 879 2408 ymmo
911 2322 1022 2406 pocius
1058 2319 1223 2397 rediendo,
1250 2319 1436 2404 perciperet.

311 2407 435 2486 Quibus
456 2409 603 2476 clanculo
625 2409 764 2475 ascensis
781 2409 849 2474 suis
863 2407 978 2493 equia⁰
990 2413 1118 2472 tantum
1133 2406 1301 2472 secretario
1315 2425 1353 2470 ac
1374 2409 1439 2470 sta-

307 2494 432 2560 bulario
446 2515 554 2562 secum
571 2495 726 2574 adductis,
740 2496 802 2561 iter
814 2515 924 2560 versus
939 2494 1082 2560 Socciam
1096 2498 1189 2558 nocte
1210 2513 1247 2558 ac
1262 2493 1314 2557 die
1335 2493 1437 2557 inoes-

308 2587 415 2646 santer
426 2583 577 2666 arripuit;
598 2589 631 2647 et
643 2582 688 2667 [a]
702 2583 852 2648 continuo
862 2582 969 2647 labore
980 2600 1091 2647 versus
1106 2579 1243 2663 patriam
1257 2578 1436 2643 itinerando

307 2688 374 2732 non
395 2671 540 2747 cessavit,
554 2669 656 2734 donec
677 2675 768 2734 extra
781 2668 960 2752 pericnlum
974 2672 1008 2732 et
1022 2689 1042 2732 a
1055 2666 1183 2731 malicia
1204 2665 1284 2730 dicti
1296 2665 1379 2748 regis
1400 2665 1437 2731 in

166 2819 173 2832 ,
307 2753 412 2838 patria
433 2757 560 2840 propria
580 2755 748 2820 rediretur⁷
770 2775 908 2833 securus,
930 2755 1006 2839 Ipso
1031 2753 1113 2818 duce
1134 2752 1174 2817 de
1195 2773 1259 2836 quo
1280 2752 1437 2835 scriptum

308 2845 375 2905 est:
398 2841 432 2904 N
432 2862 474 2906 on
488 2847 536 2908 ast
551 2842 719 2926 sapiencia,
734 2862 837 2926 nequa
850 2841 1034 2926 prudencia,
1049 2860 1152 2923 neque
1167 2837 1312 2904 consilia⁸
1325 2845 1437 2902 conus

306 2925 494 3005 Dominum,
508 2928 567 3013 qui
587 2929 678 2992 novit
698 2929 769 3014 pios
785 2934 893 2993 mente
907 2927 947 2993 de
967 2927 1181 3011 temptacione
1204 2926 1332 3009 eripere,
1346 2930 1379 2989 et
1399 2923 1436 2988 in

308 3013 349 3078 Se
364 3019 528 3098 sperantes
543 3014 582 3079 de
596 3014 746 3099 periculis
760 3014 1004 3079 misericorditer
1018 3013 1161 3078 liberare.
1197 3011 1334 3091 Quidam
1349 3010 1437 3076 enim

307 3099 422 3166 dicunt
435 3101 522 3186 quod
536 3101 693 3167 Robertus
714 3102 755 3166 de
770 3101 880 3184 Broys,
893 3101 1010 3166 citatus
1028 3121 1134 3166 coram
1147 3119 1220 3184 rega
1241 3105 1273 3164 et
1288 3098 1436 3183 questio·

307 3191 413 3266 natus,
427 3187 573 3253 inducias
588 3208 691 3272 usque
704 3187 812 3253 mane⁹
825 3207 845 3251 a
858 3207 931 3272 rege
951 3187 1059 3271 peciit,
1073 3194 1146 3252 oum
1167 3185 1261 3253 litera
1282 3205 1340 3250 sua
1361 3204 1437 3249 con-

306 3273 535 3353 foederationis,
544 3280 712 3359 quatenus,
722 3274 888 3340 consultus
904 3273 943 3339 de
958 3293 1036 3351 sero,
1045 3293 1233 3358 responsum
1247 3271 1391 3337 redderet
1404 3271 1437 3336 ei

306 3359 344 3425 in
368 3362 524 3443 orastin03
543 3382 601 3446 pro
624 3362 716 3447 cujus
740 3361 884 3427 redditus
905 3361 1084 3437 securitate,
1107 3379 1217 3424 omnes
1238 3364 1272 3424 et
1294 3357 1436 3444 singulas

306 3452 406 3513 terras
420 3467 503 3526 suas,
513 3469 593 3532 quas
608 3449 648 3514 de
662 3469 734 3534 rege
748 3447 905 3515 Edwards
919 3447 1051 3514 tenuit¹⁰
1058 3445 1094 3510 in
1104 3445 1232 3533 Anglis,
1242 3445 1278 3510 in
1286 3445 1436 3511 caucions

306 3539 341 3600 et
353 3533 459 3620 plegio
473 3537 540 3621 regi
553 3535 717 3622 obligavit.

444 3793 607 3880 §mattas
621 3795 658 3865 ba
668 3795 825 3866 orsianus
836 3793 1008 3878 ἕιὴιιιιιὶε
1023 3792 1240 3879 damna-ti
1255 3793 1297 3862 ti

308 3921 546 4025 &Uncus
570 3945 728 4012 Robertus
753 3947 793 4013 de
816 3947 919 4032 Broys
943 3943 1156 4012 marchiarum
1180 3945 1299 4010 finibus
1324 3963 1437 4030 appro-

305 4031 484 4117 pinquavit,
499 4033 660 4118 quendam
673 4033 817 4119 peditem
838 4033 993 4100 nuncium
1007 4034 1047 4098 de
1060 4033 1155 4118 longe
1169 4031 1353 4097 venientem
1366 4051 1437 4115 per-

306 4121 410 4204 cepit;
431 4140 528 4204 quam
548 4120 732 4206 inspiciens,
752 4127 822 4186 tam
842 4121 878 4186 in
903 4141 995 4186 cessn
1015 4139 1113 4205 quam
1137 4121 1174 4184 in
1195 4117 1309 4183 habitu
1330 4118 1438 4202 ipsum

353 4289 404 4344 ¹0.
418 4291 448 4343 E
463 4291 528 4342 Haec
540 4293 623 4348 vobis.
729 4289 782 4346 ²13.
796 4293 967 4347 imminentis.
1120 4290 1171 4346 ³0.
1185 4291 1216 4345 E
1229 4297 1390 4360 conceptam.

353 4359 404 4414 ⁴0.
420 4362 450 4412 Ε.
463 4362 593 4415 conflatis.
730 4361 1047 4418 ‘anatthemate
1083 4363 1116 4417 D.
1129 4379 1166 4416 ac.

352 4428 405 4483 ⁰0.
418 4431 450 4484 D.
465 4432 495 4483 Ε.
510 4437 570 4484 omit
583 4434 665 4502 equis.
1117 4432 1128 4469 7
1141 4434 1170 4486 Ο.
1184 4433 1216 4486 D.
1230 4433 1260 4485 E.
1273 4432 1436 4485 redderetur.

351 4498 403 4555 ⁸0.
416 4503 445 4554 n
459 4503 605 4556 consilium.
733 4503 785 4560 ⁹0.
800 4505 830 4559 Ε.
844 4505 1036 4560 incrastinum.
1107 4501 1131 4539 ¹⁰
1142 4504 1171 4558 O.
1184 4503 1214 4556 Ε,
1228 4507 1310 4557 tonet.
