3282 5124
636 493 901 544 ummocrrvos.
1275 483 1335 546 rto

204 657 384 736 pensantes,
406 671 447 716 ex
468 651 533 716 illis
555 651 656 716 animi
677 651 779 717 nostri
799 656 925 717 motum
950 649 1127 736 dignemini
1147 651 1337 735 informare3

205 738 461 824 suggestionibus
490 738 678 804 aemulcrum
700 744 882 804 nostrorum
906 739 942 803 in
964 738 1025 803 hec
1049 745 1140 823 purte
1168 741 1335 806 contrariis

204 826 297 891 vobis
322 825 416 890 metis
437 832 495 891 aut
519 825 674 892 sedendis
695 825 800 904 fidem,
821 827 850 891 si
870 825 1018 911 placeat,l
1038 825 1223 890 nullatenus
1244 827 1336 892 adhi-
1427 897 1431 907 ,

204 912 325 978 beatis:
338 913 528 997 quinymmo
538 917 697 978 statrtum
711 917 905 978 nostramet
914 913 989 997 juro
1002 919 1111 977 nostra
1124 913 1212 998 regia
1226 931 1336 998 supra*

204 998 292 1063 dieta
315 998 431 1065 habere
455 998 641 1084 dignemini,
666 1000 695 1066 si
717 999 831 1084 placet,
854 999 995 1084 paternis
1023 998 1191 1064 affectibus
1215 1020 1336 1066 recom-

204 1085 362 1151 mendata
406 1084 512 1164 Quam
522 1087 748 1170 paternitatem
762 1084 1124 1152 confiweusltissimus
1139 1085 1181 1151 ad
1194 1087 1336 1171 regimen

204 1172 346 1237 ecelesia
370 1191 436 1237 suae
462 1173 599 1256 semper⁸
620 1180 764 1258 tempora
788 1193 937 1257 prospera
961 1177 996 1238 et
1016 1170 1168 1258 longaeva.
1211 1173 1335 1238 Datum

203 1279 288 1324 anno
302 1258 437 1324 Domini
450 1267 491 1324 ΜΟ
500 1267 569 1324 coe⁰
582 1259 695 1344 primo,
709 1267 743 1325 et
755 1259 845 1345 regni
859 1258 962 1325 nostri
975 1259 1051 1324 etc.⁴

203 1539 365 1626 §mattae
379 1542 418 1610 ab
432 1543 491 1611 bnt
504 1542 541 1611 tc
555 1543 939 1620 enumeraremus,
954 1543 1015 1612 tis.
1029 1543 1124 1628 topia
1138 1543 1333 1612 tenesmos

265 1653 428 1722 litaturum
441 1654 616 1723 suasmet
627 1653 756 1722 bocaico
767 1653 940 1736 §abaco
955 1655 1027 1724 otii*
1037 1675 1093 1740 pst
1103 1656 1222 1724 bittunt
1235 1677 1335 1740 reum

266 1765 463 1842 elbertum,
494 1766 533 1834 ab
561 1765 764 1851 pollinctum
798 1767 919 1834 fudero
946 1787 1042 1836 enom
1073 1767 1112 1836 io
1139 1767 1333 1836 scamnum

266 1875 539 1958 §cume-e
554 1877 688 1954 moisi,

203 2011 343 2112 EAS
357 2058 432 2104 vero
452 2039 542 2105 saue
556 2045 589 2106 et
602 2059 758 2124 perversae
771 2037 996 2126 suggestionis⁶
1009 2038 1119 2105 literas
1135 2059 1193 2104 rex
1205 2041 1334 2125 Angliae

201 2123 378 2190 Edwardus
401 2125 532 2210 primus,
554 2125 661 2191 dictus
686 2127 841 2203 tirannus,
865 2133 939 2210 post
964 2131 1184 2210 conquaestum
1203 2126 1333 2191 domino

202 2211 298 2294 Papae
312 2212 477 2276 Boniiacio
493 2211 565 2277 viii⁰
579 2233 654 2278 cum
674 2213 799 2277 duobus
815 2211 974 2278 militibus
988 2213 1055 2277 suis
1069 2212 1216 2277 nuncios⁰
1230 2218 1334 2278 trans·

201 2297 312 2378 misit3
340 2317 414 2362 oum
435 2299 528 2383 copia
552 2299 655 2364 eciam
677 2298 845 2383 cujusdam
868 2298 980 2376 literae,
995 2318 1034 2363 su
1093 2298 1142 2363 'us
1165 2299 1200 2362 in
1222 2299 1333 2364 eodem

201 2383 283 2449 libro
297 2383 425 2463 inserta,
440 2384 534 2450 xxiiii
548 2384 697 2470 capitulo,
711 2384 850 2470 qualiter
857 2385 880 2450 J
881 2385 1022 2449 chunnos
1058 2383 1237 2462 eBalliolo,
1250 2385 1285 2449 vi
1299 2393 1333 2450 et

201 2475 292 2535 metu
315 2470 439 2549 ductus,
458 2491 516 2556 por
539 2493 614 2536 suas
636 2472 744 2538 literas
763 2477 910 2557 potentes
932 2490 1026 2536 omne
1042 2471 1098 2556 jus
1120 2477 1153 2536 et
1174 2471 1332 2536 clemeum

202 2577 274 2640 quae
288 2556 323 2620 in
348 2577 444 2642 regno
459 2563 491 2623 et
511 2558 554 2623 ad
572 2579 705 2644 reguum
728 2559 847 2624 Scociae
866 2557 988 2637 hebuit,
1004 2577 1062 2623 seu
1083 2557 1198 2623 habero
1216 2558 1333 2642 potuit,

200 2643 264 2708 sibi
282 2663 361 2728 pure
375 2650 408 2708 et
422 2645 611 2729 simpliciter
631 2650 759 2711 coactus
780 2644 973 2729 resignavit:
998 2665 1070 2729 quae
1090 2645 1184 2710 litere
1197 2644 1262 2709 fuit
1275 2665 1333 2730 per
1420 2644 1425 2654 '

200 2728 338 2795 eundem
346 2751 453 2816 regem
464 2731 590 2817 Angliae
598 2753 656 2817 pro
664 2731 758 2797 libito
769 2751 835 2797 suae
843 2731 1020 2798 voluntatis
1031 2731 1185 2810 confecta,
1196 2731 1332 2796 nulliusl

199 2815 272 2882 ideo
285 2817 406 2882 roboris
421 2820 474 2883 vel
487 2819 651 2885 momenti

243 2903 482 2988 Consequonter
495 2907 596 2971 eciam
618 2909 776 2990 sequntur
789 2905 889 2989 copiae
910 2904 1044 2969 aliarum
1058 2901 1238 2970 literarum⁸
1252 2925 1331 2988 quo·

200 2989 337 3055 tundam
362 3011 560 3056 summorum
585 2993 785 3077 pontificum,
806 3012 830 3057 s.
853 2991 992 3056 Honorii
1016 2991 1108 3056 tercii
1129 2995 1163 3056 et
1185 2991 1331 3074 Gregorii

198 3076 284 3155 noni,
299 3082 332 3142 et
345 3098 417 3162 ques
431 3078 534 3144 literae
547 3079 650 3144 eciam
663 3079 746 3144 falsa
766 3078 968 3164 suggestione
981 3076 1174 3162 impetratae⁹
1188 3077 1331 3142 suenus:

199 3183 278 3246 quas
293 3163 422 3228 eidem¹⁰
435 3165 603 3248 pontifices
616 3166 652 3230 in
666 3165 807 3231 favorem
821 3165 904 3250 regis
919 3163 1054 3230 Henrioi
1067 3164 1193 3249 pacifici
1203 3163 1330 3250 Angliae

199 3248 238 3313 ad
256 3249 373 3315 Soociae
386 3271 492 3337 regem
505 3251 728 3318 Alexandrum
742 3251 918 3318 secundum
931 3251 1185 3317 transmiserunt.

636 3461 785 3544 Sequitur
798 3462 896 3545 cepio

243 3581 411 3666 Gregorius
425 3583 602 3670 episcopus,
616 3583 702 3649 etc.¹¹
745 3583 780 3649 si
799 3591 856 3649 tua
875 3581 1030 3649 celsitudo
1052 3582 1229 3650 consideret
1242 3583 1329 3670 quod

198 3668 367 3734 karissimo
388 3671 424 3734 in
446 3671 573 3736 Christo
592 3671 659 3736 filio
681 3675 797 3748 nostro,
812 3671 878 3755 regi
899 3669 1076 3755 Auglorum
1096 3669 1216 3735 illustri
1238 3671 1329 3734 Hen-

198 3755 272 3832 rico,
297 3756 426 3823 vinculo
455 3759 602 3842 specialis
632 3756 816 3822 dileccionis
841 3756 1055 3842 astringimur,
1080 3764 1177 3841 teque
1206 3757 1329 3822 sincera

197 3843 330 3908 caritate
344 3843 507 3928 diligimus
529 3851 562 3911 et
576 3844 808 3929 amplectimur,
829 3863 886 3928 por
906 3863 1103 3928 consequens
1125 3863 1327 3929 cognosceres

197 3929 283 4012 quod
291 3949 350 3994 nce
360 3950 531 4014 possumus
541 3952 601 3998 nec
612 3932 764 3997 debemus
774 3930 942 4015 preterire,
954 3936 987 3996 et
997 3931 1136 3995 maxime
1144 3928 1328 4014 requisiti,¹²

244 4115 254 4151 ²
267 4117 296 4171 0.
310 4117 343 4172 D.
356 4117 388 4171 Ε.
401 4117 496 4186 placet
636 4117 647 4153 ¹
659 4119 688 4171 B.
703 4118 731 4170 0.
744 4117 778 4170 D.
793 4117 823 4170 R
838 4122 982 4170 conservet

243 4185 255 4221 ³
267 4189 295 4241 G.
309 4204 412 4255 semper
423 4189 510 4242 ceored
521 4196 573 4253 ortt,
586 4191 643 4242 lton
655 4193 752 4240 unctae
765 4205 817 4255 por.
855 4189 885 4240 ll.
899 4193 996 4240 sanctas
1007 4203 1060 4254 per.

243 4256 256 4291 ⁴
269 4258 296 4311 O.
311 4259 341 4311 R
354 4263 416 4312 omit
428 4261 513 4312 noan-i
524 4264 575 4313 stc.
636 4257 647 4293 ⁶
659 4259 689 4311 (l.
702 4259 887 4326 suggatiouea
1012 4257 1066 4310 “Be
1080 4257 1108 4311 G.
1122 4257 1153 4311 D.
1168 4257 1198 4310 D.
1211 4257 1323 4311 nunciis.

244 4326 298 4381 ⁷0.
312 4329 504 4382 omitsnullius.
639 4327 691 4381 ⁸0.
705 4330 737 4382 D.
750 4329 781 4381 Ε.
795 4330 850 4381 add
862 4329 1031 4381 diverurum.

244 4395 297 4452 ⁰0.
310 4399 453 4466 impetrati.
490 4401 523 4452 D.
536 4400 566 4452 D
579 4401 715 4468 impetrati
727 4401 822 4452 auem
834 4406 858 4452 to
870 4399 1023 4467 impetrate.

232 4466 254 4502 ¹⁰
266 4471 295 4524 Β.
309 4470 387 4524 idam.
490 4470 511 4506 ¹¹
524 4471 552 4524 0.
565 4472 596 4524 D
610 4471 700 4524 scietur⁸
791 4467 814 4503 ¹²
825 4471 857 4526 D.
870 4469 900 4522 D.
913 4469 1038 4537 requisita
1051 4467 1147 4522 altered
1160 4474 1184 4522 lo
1196 4468 1323 4536 requisiti.
