3240 5130
566 489 661 538 LIBER
675 489 873 540 UNDEGIMUS.
1221 482 1279 541 381

155 671 278 714 annum
292 655 419 714 tantum
428 647 453 728 ;ι
475 647 645 713 defunctus
659 647 746 734 apud
759 647 947 733 Edinburgh
962 667 1046 712 enno
1060 649 1105 726 xl,
1118 651 1190 715 cto.
1222 651 1284 714 Oui

22 753 26 822 j
155 742 230 822 post
239 737 300 801 hoc
309 735 463 802 suecessit
474 735 624 820 magister
634 735 775 801 Jacobus
787 734 854 819 [de]
865 735 974 818 Broys,
983 735 1107 818 quidiu
1117 757 1182 802 non
1192 738 1285 801 stetit

22 841 30 906 '.
155 823 285 902 ibidem,
296 821 642 906 sedodepisccpatum
653 819 895 886 Glasouensem¹
905 821 969 886 fuit
979 821 1152 887 mandatus
1166 824 1284 887 autori-

154 909 415 994 tsteapostolica3
425 907 773 974 etinfraduosveltres
782 909 1042 992 annospostejus
1050 909 1285 992 promocionem

22 1017 24 1024 ·
156 996 327 1060 defimctus
341 1003 390 1060 est
409 993 495 1078 apud
515 994 703 1078 Edinburgh
725 998 759 1058 et
779 993 815 1057 in
835 994 1053 1078 Dunfermlyn
1074 995 1228 1080 sepultus,
1249 997 1285 1060 in

22 1103 24 1172 j
155 1083 279 1166 capella
294 1083 419 1148 Sanotae
434 1081 556 1158 Mariae,
570 1100 654 1146 anuo
669 1080 803 1144 Domini
818 1088 858 1142 Μ’)
867 1079 1077 1146 coco⁰xlviir¹
1099 1083 1192 1148 etsie
1206 1083 1285 1147 non⁴

22 1185 24 1196 ·
156 1169 308 1235 remansit
322 1169 489 1253 episcopus
503 1167 674 1251 utrobique
694 1166 758 1230 nisi
779 1185 837 1249 per
857 1165 1032 1232 viirsnnos
1053 1167 1107 1232 vel
1129 1189 1166 1234 eo
1192 1171 1284 1236 circa

156 1255 219 1321 Oui
232 1255 268 1320 in
282 1255 466 1340 episcopatu
475 1251 712 1319 Dunkeldensi¹
726 1253 879 1318 suecessit
900 1254 1051 1338 magister
1063 1254 1229 1322 «Iohannes
1244 1257 1284 1322 de

155 1343 324 1421 Railston‚⁶
344 1340 531 1406 secretarius
555 1340 647 1424 regis,
668 1337 726 1422 qui
750 1359 816 1403 non
842 1339 898 1404 diu
919 1340 1004 1403 vixit
1029 1341 1130 1405 eciam
1140 1341 1166 1421 ;7
1194 1344 1284 1408 etin

156 1429 343 1514 episcopatu
357 1427 545 1492 Glaseuensi
567 1426 629 1491 sibi
646 1426 799 1491 successit
812 1425 964 1509 magister
976 1426 1161 1492 Willelmus
1182 1427 1284 1492 Trun-

156 1514 254 1593 bule,⁸
264 1521 371 1580 custos
380 1513 497 1598 privati
511 1512 619 1598 sigilli,
629 1512 687 1596 qni
700 1511 849 1576 similiter
859 1531 925 1576 non
940 1511 997 1577 diu
1006 1513 1140 1578 duravit
1184 1515 1229 1578 Et
1237 1514 1284 1579 sic

155 1602 273 1667 inistis
282 1601 406 1666 dnobus
417 1599 651 1684 episcopatibus
661 1597 1073 1684 infraxannosxepiscopi
1083 1600 1284 1684 praefuerunt

157 1689 219 1767 vel,
233 1693 271 1753 ut
285 1707 351 1751 non
371 1685 521 1763 mercior,
542 1705 579 1750 eo
601 1685 692 1763 circa,
706 1692 745 1749 ut
765 1684 931 1751 evidencia
952 1707 1058 1750 rerum
1078 1687 1283 1754 demonstrat.

156 1775 249 1840 Circa
262 1773 348 1838 idem
362 1777 499 1856 tempus,
513 1792 598 1836 anno
611 1772 746 1836 Domini
760 1779 895 1838 rr⁰cccc⁰
902 1771 982 1851 11v0,
1004 1773 1184 1858 Margareta
1204 1774 1284 1839 Del·
1299 1793 1352 1832 ao.
1365 1783 1429 1832 rut.

157 1861 258 1945 phina
285 1859 436 1936 Francia,
461 1878 535 1923 cum
555 1878 628 1942 rege
649 1863 683 1923 et
702 1858 813 1943 regina
832 1859 974 1923 Francia
999 1879 1036 1924 ae
1061 1880 1135 1924 cum
1156 1863 1284 1944 proprio

157 1947 271 2012 marito
281 1966 405 2011 summe
416 1943 541 2023 dilecta,
552 1945 598 2010 et⁹
606 1945 681 2010 flore
687 1945 877 2028 juventutis,
890 1945 982 2028 quasi
992 1965 1097 2029 regem
1109 1953 1141 2010 et
1149 1967 1283 2030 regnum

156 2033 198 2097 ed
226 2039 342 2096 nutum
366 2032 556 2116 gubernavit
579 2051 638 2096 sno
667 2031 808 2109 consilio
831 2031 1006 2114 prudencia
1034 2030 1097 2095 ac¹⁰
1121 2033 1283 2116 sapiencia

156 2139 300 2184 summa:
322 2138 379 2202 per
392 2138 490 2201 quarn
504 2117 589 2202 apud
603 2138 709 2203 regem
724 2117 866 2182 Franciae
880 2123 913 2182 et
926 2118 1068 2201 reginam
1081 2117 1145 2182 fuit
1158 2139 1283 2184 summe

157 2205 274 2270 dilecta
288 2211 321 2269 et
341 2205 470 2282 credita,
484 2209 517 2268 et
538 2203 607 2287 ejus
629 2205 725 2269 verbe
746 2203 903 2268 exeudste.
948 2203 1012 2268 Sed
1033 2203 1097 2268 heu
1118 2204 1284 2287 prodolori

157 2291 243 2376 quod
256 2311 309 2355 me
323 2297 467 2376 oporteat
480 2291 616 2355 scribere
630 2291 716 2373 quod
730 2289 875 2355 dolenter
887 2290 987 2354 refero
1009 2289 1050 2355 dc
1071 2290 1139 2374 ejus
1161 2297 1283 2357 morte:

157 2399 231 2444 cum
245 2398 338 2454 mors,
356 2398 427 2477 quaa
449 2382 565 2476 cuncta
585 2377 670 2460 rapit
690 2375 837 2477 vivenoio
858 2376 1042 2441 condicione
1062 2377 1141 2460 pari,
1162 2378 1283 2462 absque

156 2485 362 2628 tttttt
372 2462 1283 2634 ffissitssidiidddffiiddddgitiiddd

156 2636 247 2702 brevi
261 2637 388 2722 langore
403 2636 541 2720 eripuit:
562 2636 655 2720 cujus
668 2635 802 2719 inopina
815 2655 853 2700 ea
873 2656 957 2700 mors
978 2635 1065 2720 apud
1088 2635 1223 2701 Oduloas
1244 2659 1283 2700 ca

156 2726 190 2789 ln
201 2731 296 2788 cootcc
304 2725 341 2788 dc
351 2720 596 2808 Cdrccapoiqnc,¹1
605 2723 640 2786 in
649 2721 780 2786 civitate
792 2720 989 2806 0elonen[si]
1001 2721 1086 2786 inira
1093 2722 1282 2788 comitatum

156 2811 350 2895 Campaniae,
373 2809 431 2875 ubi
458 2807 651 2874 inhumata¹¹
675 2807 859 2893 permansit,
888 2808 1062 2872 multorum
1090 2809 1185 2874 corda
1215 2815 1283 2874 tam

156 2897 298 2963 Francia
311 2917 409 2981 quam
423 2897 541 2962 Scociae
562 2895 669 2961 dolore
688 2894 789 2958 nimio
813 2893 998 2978 denigravit
1041 2894 1127 2959 Nam
1148 2915 1205 2980 ego
1227 2896 1286 2980 qui

156 2986 259 3051 scribo
281 2982 375 3048 haec¹¹
389 2983 458 3048 vidi
479 3003 549 3048 eam
569 2983 658 3047 omni
679 2980 732 3046 die
749 2980 892 3060 vivam,¹⁴
906 3001 980 3046 cum
993 3000 1067 3066 rege
1088 2982 1230 3048 harcies
1251 2988 1286 3048 et

156 3073 266 3156 regina
279 3070 453 3148 ludentem,
468 3076 501 3134 et
514 3089 572 3154 per
585 3089 700 3134 novem
710 3087 809 3133 annos
821 3068 867 3133 sic
878 3067 1126 3134 continuantem.
1170 3069 1285 3135 Postea

156 3177 238 3234 vero,
249 3176 306 3240 pro
316 3162 459 3242 tempore
470 3162 651 3222 contractus
662 3154 857 3220 matrimonii
869 3154 1066 3240 interregem
1078 3155 1283 3240 [Hemicum]

156 3243 283 3327 Angliae
298 3243 355 3307 et¹¹
369 3243 469 3308 filiam
482 3243 565 3328 regis
581 3241 775 3309 Oeciliae¹¹et
788 3241 893 3307 fratris
908 3241 1025 3327 reginae
1039 3242 1190 3320 Franciae,
1200 3243 1285 3307 infra

157 3335 229 3394 octo
251 3326 319 3392 dies
333 3329 402 3392 vidi
424 3349 495 3393 eam
516 3349 627 3394 sanam
648 3335 681 3393 ct
702 3334 861 3392 mortuam
883 3348 919 3392 ao
942 3327 1181 3406 evisceratam,¹¹
1196 3335 1229 3394 et
1249 3331 1286 3394 in

156 3413 265 3480 casule
279 3413 430 3497 plumbea
443 3414 478 3477 in
492 3414 625 3479 ecelesia
638 3413 813 3479 cathedrali
826 3413 920 3477 dictae
934 3413 1076 3479 civitatis
1091 3415 1285 3492 (telonensis,

157 3501 199 3566 sd
224 3497 348 3564 cornu¹¹
371 3499 480 3583 magni
505 3499 614 3563 alteris
639 3519 679 3563 ex
701 3504 792 3583 parte
811 3497 933 3575 boriali,
957 3499 994 3564 in
1014 3500 1153 3583 quadam
1173 3502 1285 3567 tumbe

156 3585 517 3672 posita;¹⁹regedioente
525 3585 806 3668 quodpostpauca
814 3585 1070 3668 temporalevare
1081 3587 1285 3665 facereteam,

157 3681 191 3739 et
211 3672 297 3758 apud
320 3673 474 3738 Sanctum
499 3671 685 3735 Dionisium
706 3669 792 3734 inter
811 3689 899 3754 reges
921 3677 954 3736 et
975 3673 1099 3757 reginas
1121 3674 1285 3738 universas

204 3885 214 3920 ¹
227 3885 256 3938 O.
269 3886 299 3937 n
312 3885 359 3952 qui
371 3885 416 3936 vix
429 3901 476 3950 per
487 3899 585 3935 santam
597 3882 772 3950 pontificavit.
864 3883 865 3888 ’
971 3881 1021 3936 ²0.
1035 3885 1065 3936 R
1079 3885 1113 3934 de
1124 3883 1255 3938 Glaskerr.

203 3955 215 3990 ³
227 3956 255 4009 Ο.
269 3957 299 4009 E.
315 3961 343 4008 et
354 3955 424 4022 apud
436 3953 614 4020 Duniermlyn
625 3953 748 4020 sepultus
759 3969 829 4004 anno
841 3953 882 4004 vir
903 3955 1009 4006 Domini
1021 3969 1044 4006 n
1054 3954 1126 4005 xlvii.

203 4025 255 4078 ⁴B.
269 4027 402 4078 miultis
412 4026 491 4076 word.
967 4023 1020 4077 ⁵0.
1033 4025 1284 4080 EadeDuukeldeu.

201 4096 255 4149 ⁶0.
268 4098 298 4149 R
313 4097 471 4148 Rollistcun.
508 4094 542 4146 D.
557 4093 708 4146 Ralestonn.
969 4095 1021 4146 7Β.
1035 4096 1062 4146 O.
1078 4095 1107 4146 Ε.
1121 4098 1182 4146 matt
1193 4097 1283 4150 eciam.

203 4167 215 4202 ⁸
227 4168 255 4220 O.
268 4168 298 4218 E.
312 4167 453 4218 Turnbale.
629 4163 641 4196 ⁹
653 4165 682 4218 B.
697 4165 725 4216 O.
739 4165 772 4216 D.
786 4165 817 4216 E.
831 4164 865 4217 in.
960 4162 982 4198 ¹⁰
993 4165 1022 4217 G.
1036 4165 1065 4215 a
1077 4169 1166 4230 atque.

191 4237 212 4272 ¹¹
224 4237 253 4289 0.
267 4238 300 4289 Ι).
315 4238 346 4288 D.
358 4237 412 4288 edd
424 4236 512 4288 idest
622 4233 643 4268 ¹¹
655 4235 682 4288 O.
696 4235 723 4286 in
736 4235 858 4287 hiemans.
959 4232 981 4268 ¹³
993 4235 1020 4287 G.
1035 4235 1067 4285 E.
1080 4235 1132 4288 hic.

192 4307 213 4342 ¹⁴
225 4309 253 4360 G.
268 4308 300 4359 D.
314 4307 343 4358 n.
356 4307 411 4358 cdd
422 4306 494 4358 omni
506 4306 556 4356 die.
957 4303 979 4337 ¹⁶
991 4305 1020 4357 0.
1034 4305 1064 4356 Ε.
1077 4320 1114 4357 ac.

192 4378 214 4412 ¹⁶
225 4379 254 4432 O.
268 4378 297 4431 Ε.
311 4377 417 4429 cicilia.
959 4373 980 4408 ¹¹
992 4376 1021 4426 O.
1034 4376 1065 4428 E.
1078 4375 1270 4432 invisceratam.

192 4449 213 4483 ¹⁸
226 4450 255 4501 G.
268 4449 297 4500 D
311 4464 404 4498 eornm.
957 4443 979 4477 ¹¹
991 4447 1019 4496 O.
1033 4446 1063 4496 Ε.
1077 4446 1197 4512 positam.
