3282 5124
640 473 735 522 LIBER
749 472 901 523 OGPAVUS.
1286 465 1347 526 165

220 627 411 714 dimilgstur,
433 630 469 694 in
490 629 684 716 praemissis,1
705 637 743 696 ut
768 627 930 709 debueras,
954 651 1020 697 non
1045 631 1221 710 attendens,
1241 653 1347 718 neque

220 716 328 782 debita
353 717 606 783 consideracione
632 717 820 796 discuciens,
842 723 875 782 et
900 718 941 783 ad
962 718 1197 804 oooupandum²
1218 725 1251 784 et
1272 721 1348 785 sub-

215 802 396 888 jugandum
417 803 536 869 dicioni
554 805 648 890 regiae
668 825 802 889 regnum
823 805 940 888 ipsum,
961 825 999 870 eo
1019 810 1098 870 tune
1118 806 1201 891 regis
1224 806 1346 871 auxilio

219 890 419 968 destitutum,
432 889 638 956 vehementer
651 892 813 976 aspirans3
834 896 867 956 et
880 891 1011 957 tandem
1032 891 1073 957 ad
1095 891 1181 957 idem
1195 912 1346 958 exercens

217 981 283 1040 tuae
310 977 467 1061 potentiae
494 977 588 1055 vires,
615 977 851 1043 venerabilibus
879 978 1031 1042 fratribus
1060 979 1178 1044 nostris
1206 979 1346 1044 Roberto

219 1062 408 1128 Gla-senensi
418 1069 452 1128 et
465 1063 624 1129 Mauricio
635 1064 804 1130 Sodorensi
818 1063 974 1149 episeopis
989 1069 1022 1130 et
1035 1064 1200 1130 nonnullis
1214 1065 1347 1143 oleriois,

219 1169 293 1213 oum
303 1150 494 1234 quibusdam
510 1149 731 1216 ecelesiasticis
744 1151 888 1236 personis
903 1150 1045 1235 ejusdem
1059 1151 1156 1236 regni,
1167 1157 1206 1216 ut
1220 1152 1347 1229 dicitur,

219 1236 321 1320 eaptis
342 1242 376 1301 et
396 1237 618 1302 carceralibus⁸
638 1235 777 1303 vinculis
799 1236 934 1314 traditis,
952 1259 1087 1322 quorum
1109 1237 1241 1322 sliquos,
1262 1237 1346 1303 sieut

217 1324 376 1400 asseritur,
397 1323 527 1408 squalor
548 1324 681 1390 eercsris
703 1323 860 1388 violenter
882 1324 1038 1390 extinxit:
1067 1345 1104 1390 eo
1127 1325 1228 1390 eoiem
1253 1345 1346 1390 oeeu-

216 1409 301 1492 petis
327 1431 436 1474 eorum
462 1411 582 1488 eastris,
604 1416 645 1488 et,
667 1415 763 1495 prout
786 1410 895 1488 fertur,
920 1411 1119 1476 monasteriis
1140 1411 1276 1496 aliisque
1297 1433 1347 1476 re-

216 1495 338 1580 ligiosis
359 1497 438 1562 loeis
452 1517 549 1581 quam
566 1497 714 1582 plurimis
736 1495 852 1562 dirutis
873 1517 929 1562 seu
953 1496 1130 1576 destruetis,
1145 1518 1182 1563 eo
1197 1497 1346 1582 dampnis

217 1581 290 1647 aliis
303 1583 453 1668 gravibus
468 1584 708 1668 ejusdemregni
718 1582 987 1650 habitacionibus⁴
996 1584 1158 1670 irrogatis5
1175 1585 1212 1648 in
1225 1585 1345 1650 eisdem

216 1669 1347 1842 tlltffild‘ttdlttdtutsim

217 1842 417 1908 multimodis
431 1844 615 1929 perturbare
628 1844 783 1909 molestiis
795 1849 828 1908 et
842 1843 1070 1909 affiiooionibus
1080 1845 1177 1910 variis
1192 1845 1345 1930 impetere

217 1948 283 1992 non
305 1935 463 2007 verentur,
483 1931 520 1994 in
539 1929 671 1995 divinae⁶
684 1929 860 2015 majestatis
882 1931 1043 2009 offensam,
1058 1929 1142 1996 sedis
1163 1935 1346 1996 memoratae

217 2019 445 2100 contemptum,
470 2018 563 2101 regiae
588 2017 701 2082 salutis
730 2023 764 2082 et
791 2017 885 2080 iemae
908 2037 1004 2102 grave
1027 2016 1241 2100 dispendium,
1262 2017 1346 2102 juris

216 2101 376 2184 injurium,
391 2108 424 2168 et
438 2123 566 2169 enorme
580 2103 766 2168 scandalum
776 2101 920 2168 fidelium
931 2101 1149 2187 plurimorum.
1193 2103 1345 2188 Regalem

216 2187 317 2272 igitur
340 2189 613 2273 magnifieenoiam
636 2209 791 2274 rogamus,
814 2194 847 2254 et
868 2195 991 2253 attente
1012 2188 1047 2252 in
1066 2187 1206 2253 Domino
1231 2189 1345 2254 exhor-

217 2279 332 2351 temur,
346 2295 384 2340 ae
398 2276 597 2340 obsecramus
619 2275 655 2339 in
673 2276 721 2340 Eo
735 2275 793 2359 qui
807 2279 857 2340 est
870 2275 1015 2339 omnium
1028 2295 1104 2340 vera
1124 2273 1211 2340 salus
1234 2281 1345 2359 quate-

217 2380 287 2438 nus,
303 2361 433 2427 solerter
451 2363 618 2427 attendens
640 2361 735 2448 quod,
749 2383 790 2427 ex
804 2361 912 2427 debito
932 2359 1100 2444 pastoralis
1118 2360 1215 2427 officii
1229 2361 1346 2426 uostris

216 2445 357 2512 humeris
382 2449 607 2526 incumbentis,
631 2449 780 2533 quodque
802 2448 844 2514 ad
869 2447 1083 2512 conservanda
1111 2448 1195 2513 bona
1219 2453 1253 2513 et
1271 2448 1346 2533 jura

217 2532 358 2599 eoelesiae
386 2535 509 2602 solicite
538 2541 692 2613 tenemur,
721 2535 870 2620 quodque
893 2534 968 2619 plus
988 2533 1120 2620 *homini
1148 2554 1246 2618 quam
1274 2535 1345 2599 Deo

216 2619 337 2686 deferre
365 2641 431 2686 non
458 2641 628 2722 possumus
653 2641 712 2688 neo
742 2621 902 2698 debemus,
927 2620 1094 2722 praedietos
1119 2621 1293 2721 episcopos·
1311 2626 1345 2686 et

214 2727 364 2872 etl?
379 2707 844 2880 {ffifflddmtlllddd
858 2711 1345 2872 metlenti-1

215 2879 355 2945 sublata⁰
365 2881 565 2947 difficultatis
576 2887 610 2946 et
618 2881 784 2947 dilationis
799 2881 934 2966 objectu,
948 2880 1085 2966 benigne
1105 2880 1232 2946 restitui
1244 2879 1344 2946 facins

214 2968 365 3050 prestinae
387 2968 537 3045 libertati,
552 2968 716 3053 dictosque
731 2967 879 3033 officiales
904 2987 1032 3032 revooes
1049 2967 1089 3033 de
1107 2987 1203 3052 regno
1225 2966 1344 3032 Sooeiae

215 3061 409 3120 memorato:
430 3055 477 3120 sio
491 3061 524 3120 te
538 3055 574 3118 in
587 3055 660 3133 hiis,
673 3059 769 3140 prout
790 3073 954 3139 speramus
968 3061 1002 3119 et
1016 3053 1172 3138 rupimus,
1185 3053 1342 3138 promptis

215 3147 249 3204 et
262 3141 442 3210 efficacibus
464 3142 580 3207 studiis
601 3141 778 3220 habiturus,
792 3146 831 3206 ut
851 3140 938 3225 apud
959 3139 1121 3206 coelestem
1142 3140 1270 3224 Regem,
1284 3159 1342 3223 pro

214 3227 358 3292 minimis
372 3229 504 3312 grandia
518 3227 753 3313 rependentem,
762 3248 828 3292 non
841 3227 1001 3292 immerito
1016 3224 1158 3292 reddaris
1171 3225 1343 3310 aooepoior,
1385 3231 1388 3236 '

216 3317 250 3376 et
262 3313 384 3397 gradior
404 3314 549 3380 habearis
559 3338 569 3395 ;
589 3322 630 3392 et,
643 3322 757 3400 praeter
778 3313 927 3379 humanae
947 3313 1052 3378 laudis
1073 3312 1267 3397 praeconium
1280 3311 1342 3376 tibi

214 3400 347 3482 proinde
381 3407 621 3485 proventurum,
652 3400 834 3486 apostolieae
862 3399 946 3466 sedis
974 3399 1112 3485 graeiam
1141 3406 1174 3466 et
1201 3400 1343 3464 favorem

216 3486 345 3550 uberius
370 3487 488 3570 poteris
513 3486 691 3572 promereri
748 3487 878 3552 sivero
900 3485 936 3550 in
961 3485 1071 3552 eodem
1097 3485 1215 3551 Soooiae
1235 3505 1341 3571 regno,

213 3573 268 3637 vel
282 3572 391 3657 alique
405 3575 473 3658 ejus
488 3580 586 3658 parte,
592 3575 648 3659 jus
663 3573 792 3658 aliquod
806 3578 839 3638 te
853 3572 969 3638 habere
983 3573 1166 3657 speraveris,
1179 3571 1343 3638 ιοῙιιιιιιιιι7

148 3719 154 3738 ,
215 3659 302 3744 quod
312 3665 385 3724 tuos
399 3667 615 3744 procuratores
627 3661 809 3736 etnuneios,
824 3658 865 3724 ad
876 3657 936 3724 hoo
950 3659 1129 3743 specialiter
1142 3659 1342 3736 constitutos,

216 3766 290 3811 eum
311 3747 460 3812 omnibus
477 3747 603 3831 juribus
627 3751 660 3812 et
684 3745 892 3810 munimentis
917 3745 983 3810 tuis
1007 3745 1192 3830 hujusmodi
1216 3765 1343 3811 oonoer-

215 3833 376 3911 uentibus,
397 3833 481 3898 infra
502 3854 558 3899 sex
579 3832 718 3898 mensas⁸
738 3853 757 3896 a
778 3832 987 3916 praesenoium
1008 3833 1190 3918 reoepoione
1214 3851 1341 3896 numer-

215 3920 324 3998 andos,
338 3925 480 3985 nostram
493 3920 697 4006 praesenciam
712 3919 927 3984 transmittere
941 3939 1007 3983 non
1021 3919 1169 3984 omittas:
1190 3937 1265 3984 oum
1278 3917 1341 3982 tibi

215 4008 319 4092 parati
343 4026 464 4085 sumus,
488 4013 643 4091 tanquam
667 4005 785 4071 dilecto
805 4005 881 4084 filio,
895 4024 991 4090 super
1010 4005 1182 4090 premissis
1199 4003 1340 4089 justieise

260 4239 269 4274 ¹
283 4240 313 4291 E.
326 4238 466 4305 premissa.
590 4231 642 4286 Ὀ.
656 4232 685 4286 n
699 4219 883 4298 occupandam.
1024 4227 1076 4284 ⁸0.
1090 4231 1119 4282 Ε.
1131 4227 1342 4283 earoersbilibos.

261 4309 356 4361 ⁴150.
371 4310 403 4360 D.
418 4309 450 4359 ll.
462 4303 661 4358 habitatoribus
721 4298 733 4334 ⁶
745 4302 860 4354 0.(1ἰιιιι.
886 4302 916 4353 E.
930 4301 1020 4352 divini
1082 4298 1094 4334 ⁰
1105 4301 1135 4354 B.
1147 4300 1176 4353 0.
1188 4299 1218 4353 Ε.
1228 4299 1340 4354 sublato.

261 4379 313 4436 ²0.
327 4381 357 4432 ld
371 4379 490 4431 volimus.
529 4377 559 4427 D.
574 4374 687 4427 volimus
699 4373 794 4424 atam
806 4373 871 4425 lotor
881 4379 907 4425 to
919 4371 1047 4424 volumus.

264 4449 275 4486 ⁸
288 4453 315 4506 G.
331 4449 466 4503 mansibus
478 4447 574 4501 snaed
586 4453 610 4500 to
622 4443 760 4496 mensibos.
