<?xml version="1.0" encoding="UTF-8"?>
<!DOCTYPE html PUBLIC "-//W3C//DTD XHTML 1.0 Transitional//EN"
    "http://www.w3.org/TR/xhtml1/DTD/xhtml1-transitional.dtd">
<html xmlns="http://www.w3.org/1999/xhtml" xml:lang="en" lang="en">
 <head>
  <title>
</title>
<meta http-equiv="Content-Type" content="text/html;charset=utf-8" />
  <meta name='ocr-system' content='tesseract 3.04.00' />
  <meta name='ocr-capabilities' content='ocr_page ocr_carea ocr_par ocr_line ocrx_word'/>
</head>
<body>
  <div class='ocr_page' id='page_1' title='image "./liberpluscarden01skengoog_0061.png"; bbox 0 0 3254 5122; ppageno 0'>
   <div class='ocr_carea' id='block_1_1' title="bbox 177 1137 1322 3761">
    <p class='ocr_par' dir='ltr' id='par_1_1' title="bbox 568 1137 933 1226">
     <span class='ocr_line' id='line_1_1' title="bbox 568 1137 933 1226; baseline 0 -16"><span class='ocrx_word' id='word_1_1' title='bbox 568 1137 725 1222; x_wconf 61' lang='lat' dir='ltr'><strong>finiuit</strong></span> <span class='ocrx_word' id='word_1_2' title='bbox 737 1137 933 1226; x_wconf 55' lang='lat' dir='ltr'><strong>amandu}</strong></span> 
     </span>
    </p>

    <p class='ocr_par' dir='ltr' id='par_1_2' title="bbox 177 1273 1322 3761">
     <span class='ocr_line' id='line_1_2' title="bbox 180 1273 1313 1390; baseline -0.002 -22"><span class='ocrx_word' id='word_1_3' title='bbox 180 1273 585 1378; x_wconf 63' lang='lat' dir='ltr'>EONORABILIUM</span> <span class='ocrx_word' id='word_1_4' title='bbox 599 1309 836 1370; x_wconf 80' lang='lat' dir='ltr'><strong>antecessorum</strong></span> <span class='ocrx_word' id='word_1_5' title='bbox 850 1309 942 1390; x_wconf 84' lang='lat' dir='ltr'><strong>gaeta</strong></span> <span class='ocrx_word' id='word_1_6' title='bbox 954 1299 1131 1368; x_wconf 76' lang='lat' dir='ltr'><strong>laudabilia</strong></span> <span class='ocrx_word' id='word_1_7' title='bbox 1141 1297 1183 1368; x_wconf 84' lang='lat' dir='ltr'><strong>ad</strong></span> <span class='ocrx_word' id='word_1_8' title='bbox 1196 1320 1313 1366; x_wconf 91' lang='lat' dir='ltr'><strong>memo-</strong></span> 
     </span>
     <span class='ocr_line' id='line_1_3' title="bbox 177 1399 1313 1488; baseline -0.002 -22"><span class='ocrx_word' id='word_1_9' title='bbox 177 1400 260 1470; x_wconf 82' lang='lat' dir='ltr'>riam</span> <span class='ocrx_word' id='word_1_10' title='bbox 274 1403 470 1481; x_wconf 77' lang='lat' dir='ltr'><strong>oeduoentes,</strong></span> <span class='ocrx_word' id='word_1_11' title='bbox 484 1423 550 1468; x_wconf 90' lang='lat' dir='ltr'><strong>non</strong></span> <span class='ocrx_word' id='word_1_12' title='bbox 564 1401 670 1468; x_wconf 87' lang='lat' dir='ltr'><strong>eolum</strong></span> <span class='ocrx_word' id='word_1_13' title='bbox 690 1403 904 1488; x_wconf 78' lang='lat' dir='ltr'><strong>presentibus</strong></span> <span class='ocrx_word' id='word_1_14' title='bbox 921 1422 960 1468; x_wconf 87' lang='lat' dir='ltr'><strong>ea</strong></span> <span class='ocrx_word' id='word_1_15' title='bbox 974 1421 1047 1488; x_wconf 82' lang='lat' dir='ltr'><strong>quae</strong></span> <span class='ocrx_word' id='word_1_16' title='bbox 1060 1399 1223 1487; x_wconf 85' lang='lat' dir='ltr'><strong>praeterita</strong></span> <span class='ocrx_word' id='word_1_17' title='bbox 1236 1404 1313 1466; x_wconf 84' lang='lat' dir='ltr'><strong>eunt</strong></span> 
     </span>
     <span class='ocr_line' id='line_1_4' title="bbox 180 1498 1314 1587; baseline -0.002 -21"><span class='ocrx_word' id='word_1_18' title='bbox 180 1501 351 1586; x_wconf 73' lang='lat' dir='ltr'><strong>placabilia</strong></span> <span class='ocrx_word' id='word_1_19' title='bbox 371 1503 535 1568; x_wconf 86' lang='lat' dir='ltr'><strong>recitando</strong></span> <span class='ocrx_word' id='word_1_20' title='bbox 555 1502 748 1587; x_wconf 79' lang='lat' dir='ltr'><strong>proficimus.</strong></span> <span class='ocrx_word' id='word_1_21' title='bbox 791 1503 910 1568; x_wconf 92' lang='lat' dir='ltr'><strong>Ymmo</strong></span> <span class='ocrx_word' id='word_1_22' title='bbox 935 1501 1036 1568; x_wconf 91' lang='lat' dir='ltr'><strong>eciam</strong></span> <span class='ocrx_word' id='word_1_23' title='bbox 1061 1501 1221 1567; x_wconf 84' lang='lat' dir='ltr'><strong>virtutum</strong></span> <span class='ocrx_word' id='word_1_24' title='bbox 1244 1498 1314 1564; x_wconf 83' lang='lat' dir='ltr'><strong>via·</strong></span> 
     </span>
     <span class='ocr_line' id='line_1_5' title="bbox 179 1600 1315 1687; baseline -0.004 -21"><span class='ocrx_word' id='word_1_25' title='bbox 179 1601 303 1666; x_wconf 76' lang='lat' dir='ltr'><strong>toribus</strong></span> <span class='ocrx_word' id='word_1_26' title='bbox 324 1609 386 1686; x_wconf 82' lang='lat' dir='ltr'><strong>&#39;per</strong></span> <span class='ocrx_word' id='word_1_27' title='bbox 405 1600 611 1686; x_wconf 85' lang='lat' dir='ltr'><strong>piovidorum</strong></span> <span class='ocrx_word' id='word_1_28' title='bbox 635 1601 784 1687; x_wconf 85' lang='lat' dir='ltr'><strong>exempla</strong></span> <span class='ocrx_word' id='word_1_29' title='bbox 804 1601 1046 1687; x_wconf 77' lang='lat' dir='ltr'><strong>praeteritorum,</strong></span> <span class='ocrx_word' id='word_1_30' title='bbox 1070 1605 1237 1685; x_wconf 76' lang='lat' dir='ltr'><strong>tamquam</strong></span> <span class='ocrx_word' id='word_1_31' title='bbox 1257 1617 1315 1682; x_wconf 82' lang='lat' dir='ltr'><strong>per</strong></span> 
     </span>
     <span class='ocr_line' id='line_1_6' title="bbox 180 1697 1316 1779; baseline -0.004 -14"><span class='ocrx_word' id='word_1_32' title='bbox 180 1697 344 1766; x_wconf 89' lang='lat' dir='ltr'><strong>lucernam</strong></span> <span class='ocrx_word' id='word_1_33' title='bbox 355 1699 510 1778; x_wconf 76' lang='lat' dir='ltr'><strong>veritatis,</strong></span> <span class='ocrx_word' id='word_1_34' title='bbox 519 1699 677 1767; x_wconf 86' lang='lat' dir='ltr'><strong>viicnlum</strong></span> <span class='ocrx_word' id='word_1_35' title='bbox 687 1699 894 1767; x_wconf 81' lang='lat' dir='ltr'><strong>ostendimua</strong></span> <span class='ocrx_word' id='word_1_36' title='bbox 928 1699 980 1779; x_wconf 86' lang='lat' dir='ltr'><strong>Et,</strong></span> <span class='ocrx_word' id='word_1_37' title='bbox 992 1699 1070 1766; x_wconf 87' lang='lat' dir='ltr'><strong>dum</strong></span> <span class='ocrx_word' id='word_1_38' title='bbox 1081 1719 1190 1764; x_wconf 88' lang='lat' dir='ltr'><strong>eorum</strong></span> <span class='ocrx_word' id='word_1_39' title='bbox 1201 1697 1316 1762; x_wconf 84' lang='lat' dir='ltr'><strong>merita</strong></span> 
     </span>
     <span class='ocr_line' id='line_1_7' title="bbox 180 1795 1315 1881; baseline -0.002 -17"><span class='ocrx_word' id='word_1_40' title='bbox 180 1799 359 1878; x_wconf 82' lang='lat' dir='ltr'><strong>recolimus,</strong></span> <span class='ocrx_word' id='word_1_41' title='bbox 373 1799 492 1866; x_wconf 82' lang='lat' dir='ltr'><strong>futuris</strong></span> <span class='ocrx_word' id='word_1_42' title='bbox 505 1799 655 1866; x_wconf 74' lang='lat' dir='ltr'><strong>felicibus</strong></span> <span class='ocrx_word' id='word_1_43' title='bbox 668 1799 710 1865; x_wconf 90' lang='lat' dir='ltr'><strong>ad</strong></span> <span class='ocrx_word' id='word_1_44' title='bbox 724 1799 919 1866; x_wconf 89' lang='lat' dir='ltr'><strong>imitandum</strong></span> <span class='ocrx_word' id='word_1_45' title='bbox 932 1797 1166 1865; x_wconf 84' lang='lat' dir='ltr'><strong>venerabilium</strong></span> <span class='ocrx_word' id='word_1_46' title='bbox 1180 1795 1315 1881; x_wconf 78' lang='lat' dir='ltr'><strong>vestigia</strong></span> 
     </span>
     <span class='ocr_line' id='line_1_8' title="bbox 182 1895 1316 1965; baseline -0.002 -2"><span class='ocrx_word' id='word_1_47' title='bbox 182 1903 420 1964; x_wconf 68' lang='lat' dir='ltr'><strong>anoeceeaorum</strong></span> <span class='ocrx_word' id='word_1_48' title='bbox 441 1899 640 1964; x_wconf 77' lang='lat' dir='ltr'><strong>occasionem</strong></span> <span class='ocrx_word' id='word_1_49' title='bbox 661 1899 808 1965; x_wconf 83' lang='lat' dir='ltr'><strong>inclitam</strong></span> <span class='ocrx_word' id='word_1_50' title='bbox 829 1897 1028 1965; x_wconf 82' lang='lat' dir='ltr'><strong>exhibemua.</strong></span> <span class='ocrx_word' id='word_1_51' title='bbox 1074 1897 1159 1964; x_wconf 78' lang='lat' dir='ltr'><strong>(ium</strong></span> <span class='ocrx_word' id='word_1_52' title='bbox 1178 1897 1265 1962; x_wconf 88' lang='lat' dir='ltr'><strong>enim</strong></span> <span class='ocrx_word' id='word_1_53' title='bbox 1279 1895 1316 1962; x_wconf 91' lang='lat' dir='ltr'><strong>in</strong></span> 
     </span>
     <span class='ocr_line' id='line_1_9' title="bbox 182 1993 1316 2082; baseline 0 -22"><span class='ocrx_word' id='word_1_54' title='bbox 182 1997 332 2061; x_wconf 81' lang='lat' dir='ltr'><strong>omnibus</strong></span> <span class='ocrx_word' id='word_1_55' title='bbox 347 1997 473 2062; x_wconf 83' lang='lat' dir='ltr'><strong>actibus</strong></span> <span class='ocrx_word' id='word_1_56' title='bbox 488 2003 521 2062; x_wconf 89' lang='lat' dir='ltr'><strong>et</strong></span> <span class='ocrx_word' id='word_1_57' title='bbox 535 1996 777 2082; x_wconf 77' lang='lat' dir='ltr'><strong>operacionibus</strong></span> <span class='ocrx_word' id='word_1_58' title='bbox 797 1995 950 2062; x_wconf 76' lang='lat' dir='ltr'><strong>humenis</strong></span> <span class='ocrx_word' id='word_1_59' title='bbox 971 1994 1219 2062; x_wconf 88' lang='lat' dir='ltr'><strong>fundamentum</strong></span> <span class='ocrx_word' id='word_1_60' title='bbox 1232 1993 1316 2060; x_wconf 81' lang='lat' dir='ltr'><strong>veri·</strong></span> 
     </span>
     <span class='ocr_line' id='line_1_10' title="bbox 182 2092 1318 2178; baseline -0.003 -18"><span class='ocrx_word' id='word_1_61' title='bbox 182 2095 270 2172; x_wconf 77' lang='lat' dir='ltr'><strong>tatia,</strong></span> <span class='ocrx_word' id='word_1_62' title='bbox 282 2095 469 2178; x_wconf 81' lang='lat' dir='ltr'><strong>quod&#39;Deua</strong></span> <span class='ocrx_word' id='word_1_63' title='bbox 484 2099 542 2173; x_wconf 79' lang='lat' dir='ltr'><strong>bat,</strong></span> <span class='ocrx_word' id='word_1_64' title='bbox 551 2095 621 2160; x_wconf 88' lang='lat' dir='ltr'><strong>aine</strong></span> <span class='ocrx_word' id='word_1_65' title='bbox 629 2115 692 2178; x_wconf 88' lang='lat' dir='ltr'><strong>quo</strong></span> <span class='ocrx_word' id='word_1_66' title='bbox 707 2093 810 2160; x_wconf 78' lang='lat' dir='ltr'><strong>nichil</strong></span> <span class='ocrx_word' id='word_1_67' title='bbox 823 2092 1035 2171; x_wconf 81' lang='lat' dir='ltr'><strong>eatvalidum&#39;,</strong></span> <span class='ocrx_word' id='word_1_68' title='bbox 1044 2092 1147 2158; x_wconf 85' lang='lat' dir='ltr'><strong>nichil</strong></span> <span class='ocrx_word' id='word_1_69' title='bbox 1160 2099 1318 2172; x_wconf 80' lang='lat' dir='ltr'><strong>canotum,</strong></span> 
     </span>
     <span class='ocr_line' id='line_1_11' title="bbox 185 2189 1319 2278; baseline -0.001 -20"><span class='ocrx_word' id='word_1_70' title='bbox 185 2193 337 2277; x_wconf 73' lang='lat' dir='ltr'><strong>primitus</strong></span> <span class='ocrx_word' id='word_1_71' title='bbox 352 2198 385 2258; x_wconf 92' lang='lat' dir='ltr'><strong>et</strong></span> <span class='ocrx_word' id='word_1_72' title='bbox 399 2199 475 2258; x_wconf 87' lang='lat' dir='ltr'><strong>aute</strong></span> <span class='ocrx_word' id='word_1_73' title='bbox 489 2193 598 2258; x_wconf 86' lang='lat' dir='ltr'><strong>omnia</strong></span> <span class='ocrx_word' id='word_1_74' title='bbox 610 2192 655 2258; x_wconf 84' lang='lat' dir='ltr'><strong>eit</strong></span> <span class='ocrx_word' id='word_1_75' title='bbox 673 2193 942 2278; x_wconf 67' lang='lat' dir='ltr'><strong>investigandum,</strong></span> <span class='ocrx_word' id='word_1_76' title='bbox 956 2211 994 2258; x_wconf 86' lang='lat' dir='ltr'><strong>ac</strong></span> <span class='ocrx_word' id='word_1_77' title='bbox 1013 2191 1161 2257; x_wconf 88' lang='lat' dir='ltr'><strong>omnibua</strong></span> <span class='ocrx_word' id='word_1_78' title='bbox 1183 2189 1319 2257; x_wconf 65' lang='lat' dir='ltr'><strong>camaliss</strong></span> 
     </span>
     <span class='ocr_line' id='line_1_12' title="bbox 183 2289 1319 2376; baseline -0.005 -18"><span class='ocrx_word' id='word_1_79' title='bbox 183 2291 248 2358; x_wconf 84' lang='lat' dir='ltr'><strong>bue</strong></span> <span class='ocrx_word' id='word_1_80' title='bbox 261 2291 512 2376; x_wconf 82' lang='lat' dir='ltr'><strong>pnaeponendum</strong></span> <span class='ocrx_word' id='word_1_81' title='bbox 531 2289 720 2370; x_wconf 70' lang='lat' dir='ltr'><strong>affectibus,²</strong></span> <span class='ocrx_word' id='word_1_82' title='bbox 734 2290 887 2356; x_wconf 87' lang='lat' dir='ltr'><strong>debemua</strong></span> <span class='ocrx_word' id='word_1_83' title='bbox 912 2289 1001 2356; x_wconf 90' lang='lat' dir='ltr'><strong>omni</strong></span> <span class='ocrx_word' id='word_1_84' title='bbox 1023 2309 1101 2355; x_wconf 84' lang='lat' dir='ltr'><strong>cana</strong></span> <span class='ocrx_word' id='word_1_85' title='bbox 1122 2307 1160 2354; x_wconf 86' lang='lat' dir='ltr'><strong>eo</strong></span> <span class='ocrx_word' id='word_1_86' title='bbox 1179 2289 1319 2354; x_wconf 83' lang='lat' dir='ltr'><strong>inextin-</strong></span> 
     </span>
     <span class='ocr_line' id='line_1_13' title="bbox 184 2385 1319 2476; baseline 0 -22"><span class='ocrx_word' id='word_1_87' title='bbox 184 2387 303 2474; x_wconf 91' lang='lat' dir='ltr'><strong>guibili</strong></span> <span class='ocrx_word' id='word_1_88' title='bbox 314 2388 484 2475; x_wconf 78' lang='lat' dir='ltr'><strong>diligencia</strong></span> <span class='ocrx_word' id='word_1_89' title='bbox 493 2389 737 2476; x_wconf 75' lang='lat' dir='ltr'><strong>infatigabiliter</strong></span> <span class='ocrx_word' id='word_1_90' title='bbox 745 2389 787 2455; x_wconf 88' lang='lat' dir='ltr'><strong>ad</strong></span> <span class='ocrx_word' id='word_1_91' title='bbox 797 2389 932 2456; x_wconf 84' lang='lat' dir='ltr'><strong>eandem</strong></span> <span class='ocrx_word' id='word_1_92' title='bbox 942 2387 1019 2454; x_wconf 87' lang='lat' dir='ltr'><strong>totia</strong></span> <span class='ocrx_word' id='word_1_93' title='bbox 1028 2387 1151 2454; x_wconf 68' lang='lat' dir='ltr'><strong>nimbus</strong></span> <span class='ocrx_word' id='word_1_94' title='bbox 1162 2385 1319 2454; x_wconf 76' lang='lat' dir='ltr'><strong>anhelam.</strong></span> 
     </span>
     <span class='ocr_line' id='line_1_14' title="bbox 185 2485 1319 2572; baseline -0.002 -18"><span class='ocrx_word' id='word_1_95' title='bbox 185 2485 272 2566; x_wconf 75' lang='lat' dir='ltr'><strong>Quia</strong></span> <span class='ocrx_word' id='word_1_96' title='bbox 285 2486 342 2554; x_wconf 90' lang='lat' dir='ltr'><strong>ubi</strong></span> <span class='ocrx_word' id='word_1_97' title='bbox 356 2487 429 2572; x_wconf 82' lang='lat' dir='ltr'><strong>ipsa</strong></span> <span class='ocrx_word' id='word_1_98' title='bbox 441 2488 560 2554; x_wconf 75' lang='lat' dir='ltr'><strong>vetitae</strong></span> <span class='ocrx_word' id='word_1_99' title='bbox 574 2509 640 2554; x_wconf 91' lang='lat' dir='ltr'><strong>non</strong></span> <span class='ocrx_word' id='word_1_100' title='bbox 654 2493 704 2554; x_wconf 88' lang='lat' dir='ltr'><strong>eat</strong></span> <span class='ocrx_word' id='word_1_101' title='bbox 716 2488 972 2566; x_wconf 82' lang='lat' dir='ltr'><strong>fundamentum,</strong></span> <span class='ocrx_word' id='word_1_102' title='bbox 986 2485 1110 2554; x_wconf 81' lang='lat' dir='ltr'><strong>nulline</strong></span> <span class='ocrx_word' id='word_1_103' title='bbox 1123 2485 1200 2552; x_wconf 92' lang='lat' dir='ltr'><strong>boni</strong></span> <span class='ocrx_word' id='word_1_104' title='bbox 1215 2485 1319 2572; x_wconf 85' lang='lat' dir='ltr'><strong>operia</strong></span> 
     </span>
     <span class='ocr_line' id='line_1_15' title="bbox 184 2585 1319 2672; baseline -0.003 -18"><span class='ocrx_word' id='word_1_105' title='bbox 184 2605 282 2672; x_wconf 78' lang='lat' dir='ltr'><strong>super</strong></span> <span class='ocrx_word' id='word_1_106' title='bbox 295 2586 446 2652; x_wconf 84' lang='lat' dir='ltr'><strong>aedificari</strong></span> <span class='ocrx_word' id='word_1_107' title='bbox 459 2587 579 2672; x_wconf 81' lang='lat' dir='ltr'><strong>potaait</strong></span> <span class='ocrx_word' id='word_1_108' title='bbox 593 2587 773 2654; x_wconf 78' lang='lat' dir='ltr'><strong>aedificium.</strong></span> <span class='ocrx_word' id='word_1_109' title='bbox 817 2587 873 2652; x_wconf 85' lang='lat' dir='ltr'><strong>Ad</strong></span> <span class='ocrx_word' id='word_1_110' title='bbox 893 2587 986 2672; x_wconf 80' lang='lat' dir='ltr'><strong>cujus</strong></span> <span class='ocrx_word' id='word_1_111' title='bbox 1001 2585 1147 2652; x_wconf 79' lang='lat' dir='ltr'><strong>ventatia</strong></span> <span class='ocrx_word' id='word_1_112' title='bbox 1166 2585 1319 2652; x_wconf 83' lang='lat' dir='ltr'><strong>noticiam</strong></span> 
     </span>
     <span class='ocr_line' id='line_1_16' title="bbox 183 2683 1320 2772; baseline -0.001 -21"><span class='ocrx_word' id='word_1_113' title='bbox 183 2685 582 2771; x_wconf 84' lang='lat' dir='ltr'><strong>dilucideadipiacendam‚</strong></span> <span class='ocrx_word' id='word_1_114' title='bbox 592 2686 776 2772; x_wconf 84' lang='lat' dir='ltr'><strong>einegracia</strong></span> <span class='ocrx_word' id='word_1_115' title='bbox 785 2685 898 2752; x_wconf 76' lang='lat' dir='ltr'><strong>divim</strong></span> <span class='ocrx_word' id='word_1_116' title='bbox 906 2683 1192 2772; x_wconf 80' lang='lat' dir='ltr'><strong>eupematunaliter</strong></span> <span class='ocrx_word' id='word_1_117' title='bbox 1202 2685 1320 2765; x_wconf 73' lang='lat' dir='ltr'><strong>infnaa,</strong></span> 
     </span>
     <span class='ocr_line' id='line_1_17' title="bbox 187 2782 1314 2870; baseline -0.002 -20"><span class='ocrx_word' id='word_1_118' title='bbox 187 2801 254 2850; x_wconf 92' lang='lat' dir='ltr'><strong>non</strong></span> <span class='ocrx_word' id='word_1_119' title='bbox 267 2783 386 2868; x_wconf 86' lang='lat' dir='ltr'><strong>poterit</strong></span> <span class='ocrx_word' id='word_1_120' title='bbox 398 2785 578 2870; x_wconf 82' lang='lat' dir='ltr'><strong>pertingere</strong></span> <span class='ocrx_word' id='word_1_121' title='bbox 591 2785 715 2852; x_wconf 89' lang='lat' dir='ltr'><strong>lumine</strong></span> <span class='ocrx_word' id='word_1_122' title='bbox 728 2785 869 2852; x_wconf 81' lang='lat' dir='ltr'><strong>naturali</strong></span> <span class='ocrx_word' id='word_1_123' title='bbox 885 2783 1069 2850; x_wconf 85' lang='lat' dir='ltr'><strong>intellectae</strong></span> <span class='ocrx_word' id='word_1_124' title='bbox 1083 2782 1253 2849; x_wconf 75' lang='lat' dir='ltr'><strong>humanus.</strong></span> <span class='ocrx_word' id='word_1_125' title='bbox 1311 2785 1314 2792; x_wconf 72' lang='grc'>“</span> 
     </span>
     <span class='ocr_line' id='line_1_18' title="bbox 190 2882 1319 2970; baseline 0 -22"><span class='ocrx_word' id='word_1_126' title='bbox 190 2919 193 2926; x_wconf 79' lang='lat'><em>,</em></span> <span class='ocrx_word' id='word_1_127' title='bbox 229 2882 417 2960; x_wconf 72' lang='lat' dir='ltr'><strong>oneramus</strong></span> <span class='ocrx_word' id='word_1_128' title='bbox 431 2883 531 2970; x_wconf 86' lang='lat' dir='ltr'><strong>igitur</strong></span> <span class='ocrx_word' id='word_1_129' title='bbox 549 2883 642 2950; x_wconf 92' lang='lat' dir='ltr'><strong>illam</strong></span> <span class='ocrx_word' id='word_1_130' title='bbox 658 2904 678 2950; x_wconf 86' lang='lat' dir='ltr'><strong>a</strong></span> <span class='ocrx_word' id='word_1_131' title='bbox 694 2889 784 2969; x_wconf 77' lang='lat' dir='ltr'><strong>petra</strong></span> <span class='ocrx_word' id='word_1_132' title='bbox 797 2883 970 2962; x_wconf 88' lang='lat' dir='ltr'><strong>luminum,</strong></span> <span class='ocrx_word' id='word_1_133' title='bbox 983 2903 1003 2949; x_wconf 86' lang='lat' dir='ltr'><strong>a</strong></span> <span class='ocrx_word' id='word_1_134' title='bbox 1016 2903 1082 2968; x_wconf 89' lang='lat' dir='ltr'><strong>quo</strong></span> <span class='ocrx_word' id='word_1_135' title='bbox 1096 2901 1191 2949; x_wconf 92' lang='lat' dir='ltr'><strong>omne</strong></span> <span class='ocrx_word' id='word_1_136' title='bbox 1205 2883 1319 2948; x_wconf 88' lang='lat' dir='ltr'><strong>datum</strong></span> 
     </span>
     <span class='ocr_line' id='line_1_19' title="bbox 185 2979 1319 3067; baseline -0.001 -21"><span class='ocrx_word' id='word_1_137' title='bbox 185 2981 346 3066; x_wconf 91' lang='lat' dir='ltr'><strong>optimum</strong></span> <span class='ocrx_word' id='word_1_138' title='bbox 356 2987 390 3048; x_wconf 92' lang='lat' dir='ltr'><strong>et</strong></span> <span class='ocrx_word' id='word_1_139' title='bbox 400 2981 522 3048; x_wconf 88' lang='lat' dir='ltr'><strong>donum</strong></span> <span class='ocrx_word' id='word_1_140' title='bbox 529 2983 707 3067; x_wconf 79' lang='lat' dir='ltr'><strong>perlectum</strong></span> <span class='ocrx_word' id='word_1_141' title='bbox 715 2982 884 3049; x_wconf 77' lang='lat' dir='ltr'><strong>decureum</strong></span> <span class='ocrx_word' id='word_1_142' title='bbox 898 2987 948 3048; x_wconf 86' lang='lat' dir='ltr'><strong>aet</strong></span> <span class='ocrx_word' id='word_1_143' title='bbox 958 2979 1154 3048; x_wconf 77' lang='lat' dir='ltr'><strong>descendens</strong></span> <span class='ocrx_word' id='word_1_144' title='bbox 1166 2981 1319 3064; x_wconf 87' lang='lat' dir='ltr'><strong>quoniam</strong></span> 
     </span>
     <span class='ocr_line' id='line_1_20' title="bbox 185 3071 1321 3166; baseline -0.002 -20"><span class='ocrx_word' id='word_1_145' title='bbox 185 3079 350 3165; x_wconf 83' lang='lat' dir='ltr'><strong>ipeeeclue</strong></span> <span class='ocrx_word' id='word_1_146' title='bbox 361 3079 418 3146; x_wconf 88' lang='lat' dir='ltr'><strong>dat</strong></span> <span class='ocrx_word' id='word_1_147' title='bbox 427 3081 625 3166; x_wconf 77' lang='lat' dir='ltr'><strong>sapienciam</strong></span> <span class='ocrx_word' id='word_1_148' title='bbox 633 3087 667 3148; x_wconf 91' lang='lat' dir='ltr'><strong>et</strong></span> <span class='ocrx_word' id='word_1_149' title='bbox 675 3089 716 3148; x_wconf 75' lang='lat' dir='ltr'><strong>a‘x</strong></span> <span class='ocrx_word' id='word_1_150' title='bbox 727 3101 780 3147; x_wconf 84' lang='lat' dir='ltr'><strong>one</strong></span> <span class='ocrx_word' id='word_1_151' title='bbox 795 3082 865 3166; x_wconf 79' lang='lat' dir='ltr'><strong>ejus</strong></span> <span class='ocrx_word' id='word_1_152' title='bbox 879 3081 1019 3148; x_wconf 81' lang='lat' dir='ltr'><strong>sciencia</strong></span> <span class='ocrx_word' id='word_1_153' title='bbox 1029 3085 1063 3146; x_wconf 90' lang='lat' dir='ltr'><strong>et</strong></span> <span class='ocrx_word' id='word_1_154' title='bbox 1075 3079 1252 3165; x_wconf 82' lang='lat' dir='ltr'><strong>prudencia·</strong></span> <span class='ocrx_word' id='word_1_155' title='bbox 1262 3071 1321 3160; x_wconf 77' lang='lat' dir='ltr'><strong>e&#39;at&#39;,</strong></span> 
     </span>
     <span class='ocr_line' id='line_1_21' title="bbox 184 3178 1320 3266; baseline 0.002 -20"><span class='ocrx_word' id='word_1_156' title='bbox 184 3199 262 3246; x_wconf 86' lang='lat' dir='ltr'><strong>cum</strong></span> <span class='ocrx_word' id='word_1_157' title='bbox 281 3184 392 3246; x_wconf 80' lang='lat' dir='ltr'><strong>cuncto</strong></span> <span class='ocrx_word' id='word_1_158' title='bbox 411 3179 581 3248; x_wconf 84' lang='lat' dir='ltr'><strong>Salomone</strong></span> <span class='ocrx_word' id='word_1_159' title='bbox 601 3180 742 3266; x_wconf 85' lang='lat' dir='ltr'><strong>petendo</strong></span> <span class='ocrx_word' id='word_1_160' title='bbox 762 3186 796 3246; x_wconf 88' lang='lat' dir='ltr'><strong>et</strong></span> <span class='ocrx_word' id='word_1_161' title='bbox 818 3179 962 3257; x_wconf 86' lang='lat' dir='ltr'><strong>dicando,</strong></span> <span class='ocrx_word' id='word_1_162' title='bbox 974 3179 1029 3244; x_wconf 91' lang='lat' dir='ltr'><strong>Da</strong></span> <span class='ocrx_word' id='word_1_163' title='bbox 1049 3178 1158 3259; x_wconf 86' lang='lat' dir='ltr'><strong>michi,</strong></span> <span class='ocrx_word' id='word_1_164' title='bbox 1173 3179 1320 3250; x_wconf 86' lang='lat' dir='ltr'><strong>Domine,</strong></span> 
     </span>
     <span class='ocr_line' id='line_1_22' title="bbox 187 3277 1320 3365; baseline 0 -21"><span class='ocrx_word' id='word_1_165' title='bbox 187 3277 313 3344; x_wconf 81' lang='lat' dir='ltr'><strong>aedium</strong></span> <span class='ocrx_word' id='word_1_166' title='bbox 321 3283 451 3346; x_wconf 81' lang='lat' dir='ltr'><strong>tuarum</strong></span> <span class='ocrx_word' id='word_1_167' title='bbox 465 3277 659 3346; x_wconf 65' lang='lat' dir='ltr'><strong>munnam</strong></span> <span class='ocrx_word' id='word_1_168' title='bbox 669 3278 866 3365; x_wconf 86' lang='lat' dir='ltr'><strong>sapienciam</strong></span> <span class='ocrx_word' id='word_1_169' title='bbox 876 3299 949 3364; x_wconf 82' lang='lat' dir='ltr'><strong>quae</strong></span> <span class='ocrx_word' id='word_1_170' title='bbox 959 3298 1086 3344; x_wconf 89' lang='lat' dir='ltr'><strong>mecum</strong></span> <span class='ocrx_word' id='word_1_171' title='bbox 1097 3277 1141 3342; x_wconf 87' lang='lat' dir='ltr'><strong>ait</strong></span> <span class='ocrx_word' id='word_1_172' title='bbox 1151 3282 1184 3344; x_wconf 89' lang='lat' dir='ltr'><strong>et</strong></span> <span class='ocrx_word' id='word_1_173' title='bbox 1193 3297 1320 3344; x_wconf 88' lang='lat' dir='ltr'><strong>mecum</strong></span> 
     </span>
     <span class='ocr_line' id='line_1_23' title="bbox 187 3375 1321 3464; baseline 0 -22"><span class='ocrx_word' id='word_1_174' title='bbox 187 3375 320 3454; x_wconf 86' lang='lat' dir='ltr'><strong>laboret,</strong></span> <span class='ocrx_word' id='word_1_175' title='bbox 328 3382 367 3443; x_wconf 91' lang='lat' dir='ltr'><strong>ut</strong></span> <span class='ocrx_word' id='word_1_176' title='bbox 381 3377 480 3444; x_wconf 87' lang='lat' dir='ltr'><strong>aciem</strong></span> <span class='ocrx_word' id='word_1_177' title='bbox 491 3377 571 3464; x_wconf 88' lang='lat' dir='ltr'><strong>quid</strong></span> <span class='ocrx_word' id='word_1_178' title='bbox 586 3383 755 3464; x_wconf 82' lang='lat' dir='ltr'><strong>acceptum</strong></span> <span class='ocrx_word' id='word_1_179' title='bbox 769 3377 813 3444; x_wconf 85' lang='lat' dir='ltr'><strong>ait</strong></span> <span class='ocrx_word' id='word_1_180' title='bbox 827 3399 934 3444; x_wconf 84' lang='lat' dir='ltr'><strong>coram</strong></span> <span class='ocrx_word' id='word_1_181' title='bbox 947 3382 981 3444; x_wconf 91' lang='lat' dir='ltr'><strong>te</strong></span> <span class='ocrx_word' id='word_1_182' title='bbox 995 3377 1084 3442; x_wconf 92' lang='lat' dir='ltr'><strong>omni</strong></span> <span class='ocrx_word' id='word_1_183' title='bbox 1094 3383 1249 3462; x_wconf 84' lang='lat' dir='ltr'><strong>tempore;</strong></span> <span class='ocrx_word' id='word_1_184' title='bbox 1263 3375 1321 3462; x_wconf 92' lang='lat' dir='ltr'><strong>qui</strong></span> 
     </span>
     <span class='ocr_line' id='line_1_24' title="bbox 188 3475 1322 3562; baseline 0.002 -20"><span class='ocrx_word' id='word_1_185' title='bbox 188 3475 314 3561; x_wconf 87' lang='lat' dir='ltr'><strong>optavit</strong></span> <span class='ocrx_word' id='word_1_186' title='bbox 328 3480 362 3544; x_wconf 89' lang='lat' dir='ltr'><strong>et</strong></span> <span class='ocrx_word' id='word_1_187' title='bbox 375 3475 470 3544; x_wconf 76' lang='lat' dir='ltr'><strong>datam</strong></span> <span class='ocrx_word' id='word_1_188' title='bbox 480 3483 530 3544; x_wconf 83' lang='lat' dir='ltr'><strong>eet</strong></span> <span class='ocrx_word' id='word_1_189' title='bbox 540 3477 571 3543; x_wconf 92' lang='lat' dir='ltr'><strong>ei</strong></span> <span class='ocrx_word' id='word_1_190' title='bbox 585 3497 707 3555; x_wconf 83' lang='lat' dir='ltr'><strong>eenaua,</strong></span> <span class='ocrx_word' id='word_1_191' title='bbox 721 3477 886 3544; x_wconf 76' lang='lat' dir='ltr'><strong>invocavit</strong></span> <span class='ocrx_word' id='word_1_192' title='bbox 899 3481 933 3544; x_wconf 86' lang='lat' dir='ltr'><strong>eb</strong></span> <span class='ocrx_word' id='word_1_193' title='bbox 946 3475 1036 3543; x_wconf 81' lang='lat' dir='ltr'><strong>venit</strong></span> <span class='ocrx_word' id='word_1_194' title='bbox 1050 3475 1086 3542; x_wconf 88' lang='lat' dir='ltr'><strong>in</strong></span> <span class='ocrx_word' id='word_1_195' title='bbox 1100 3497 1175 3543; x_wconf 89' lang='lat' dir='ltr'><strong>eum</strong></span> <span class='ocrx_word' id='word_1_196' title='bbox 1189 3477 1322 3562; x_wconf 80' lang='lat' dir='ltr'><strong>spiritua</strong></span> 
     </span>
     <span class='ocr_line' id='line_1_25' title="bbox 187 3571 1321 3664; baseline 0.004 -24"><span class='ocrx_word' id='word_1_197' title='bbox 187 3571 366 3659; x_wconf 76' lang='lat' dir='ltr'><strong>sapienciae</strong></span> <span class='ocrx_word' id='word_1_198' title='bbox 410 3575 572 3661; x_wconf 76' lang='lat' dir='ltr'><strong>Adquam</strong></span> <span class='ocrx_word' id='word_1_199' title='bbox 591 3576 730 3662; x_wconf 85' lang='lat' dir='ltr'><strong>graciam</strong></span> <span class='ocrx_word' id='word_1_200' title='bbox 743 3575 978 3662; x_wconf 83' lang='lat' dir='ltr'><strong>impetrandam</strong></span> <span class='ocrx_word' id='word_1_201' title='bbox 991 3595 1051 3644; x_wconf 89' lang='lat' dir='ltr'><strong>noa</strong></span> <span class='ocrx_word' id='word_1_202' title='bbox 1064 3575 1238 3664; x_wconf 76' lang='lat' dir='ltr'><strong>pemucere</strong></span> <span class='ocrx_word' id='word_1_203' title='bbox 1252 3576 1321 3661; x_wconf 88' lang='lat' dir='ltr'><strong>dig·</strong></span> 
     </span>
     <span class='ocr_line' id='line_1_26' title="bbox 190 3672 960 3761; baseline 0.001 -21"><span class='ocrx_word' id='word_1_204' title='bbox 190 3680 287 3742; x_wconf 80' lang='lat' dir='ltr'><strong>netur</strong></span> <span class='ocrx_word' id='word_1_205' title='bbox 299 3672 359 3760; x_wconf 86' lang='lat' dir='ltr'><strong>qui</strong></span> <span class='ocrx_word' id='word_1_206' title='bbox 372 3673 444 3744; x_wconf 82' lang='lat' dir='ltr'><strong>aine</strong></span> <span class='ocrx_word' id='word_1_207' title='bbox 457 3674 521 3744; x_wconf 88' lang='lat' dir='ltr'><strong>line</strong></span> <span class='ocrx_word' id='word_1_208' title='bbox 534 3675 620 3742; x_wconf 84' lang='lat' dir='ltr'><strong>vivit</strong></span> <span class='ocrx_word' id='word_1_209' title='bbox 632 3680 667 3743; x_wconf 88' lang='lat' dir='ltr'><strong>et</strong></span> <span class='ocrx_word' id='word_1_210' title='bbox 678 3681 800 3761; x_wconf 77' lang='lat' dir='ltr'><strong>regnat</strong></span> <span class='ocrx_word' id='word_1_211' title='bbox 842 3674 960 3741; x_wconf 84' lang='lat' dir='ltr'><strong>Amen</strong></span> 
     </span>
    </p>
   </div>
   <div class='ocr_carea' id='block_1_2' title="bbox 516 3869 1231 3994">
    <p class='ocr_par' dir='ltr' id='par_1_3' title="bbox 516 3869 1231 3994">
     <span class='ocr_line' id='line_1_27' title="bbox 516 3869 1231 3994; baseline -0.007 -14"><span class='ocrx_word' id='word_1_212' title='bbox 516 3907 680 3994; x_wconf 66' lang='lat' dir='ltr'><strong>§antibat</strong></span> <span class='ocrx_word' id='word_1_213' title='bbox 696 3909 796 3979; x_wconf 73' lang='lat' dir='ltr'><strong>abluo</strong></span> <span class='ocrx_word' id='word_1_214' title='bbox 811 3907 849 3978; x_wconf 74' lang='lat' dir='ltr'><strong>bt</strong></span> <span class='ocrx_word' id='word_1_215' title='bbox 864 3907 978 3980; x_wconf 72' lang='lat' dir='ltr'><strong>actm.</strong></span> <span class='ocrx_word' id='word_1_216' title='bbox 1108 3881 1111 3890; x_wconf 46' lang='grc'>’</span> <span class='ocrx_word' id='word_1_217' title='bbox 1228 3869 1231 3876; x_wconf 36' lang='grc'><strong>’</strong></span> 
     </span>
    </p>
   </div>
   <div class='ocr_carea' id='block_1_3' title="bbox 190 3997 1323 4227">
    <p class='ocr_par' dir='ltr' id='par_1_4' title="bbox 190 3997 1323 4227">
     <span class='ocr_line' id='line_1_28' title="bbox 190 3997 1322 4136; baseline -0.007 -20"><span class='ocrx_word' id='word_1_218' title='bbox 190 4016 419 4116; x_wconf 43' lang='lat' dir='ltr'><strong>&amp;suana</strong></span> <span class='ocrx_word' id='word_1_219' title='bbox 439 4053 479 4116; x_wconf 89' lang='lat' dir='ltr'><strong>ut</strong></span> <span class='ocrx_word' id='word_1_220' title='bbox 500 4047 612 4116; x_wconf 87' lang='lat' dir='ltr'><strong>demna</strong></span> <span class='ocrx_word' id='word_1_221' title='bbox 633 4045 767 4136; x_wconf 82' lang='lat' dir='ltr'><strong>gloriam</strong></span> <span class='ocrx_word' id='word_1_222' title='bbox 787 4047 858 4114; x_wconf 91' lang='lat' dir='ltr'><strong>Deo</strong></span> <span class='ocrx_word' id='word_1_223' title='bbox 879 4045 915 4112; x_wconf 89' lang='lat' dir='ltr'><strong>in</strong></span> <span class='ocrx_word' id='word_1_224' title='bbox 937 4043 1080 4124; x_wconf 75' lang='lat' dir='ltr'><strong>excelsa,</strong></span> <span class='ocrx_word' id='word_1_225' title='bbox 1099 4043 1229 4110; x_wconf 88' lang='lat' dir='ltr'><strong>laudem</strong></span> <span class='ocrx_word' id='word_1_226' title='bbox 1247 3997 1322 4128; x_wconf 82' lang='lat' dir='ltr'><strong>post</strong></span> 
     </span>
     <span class='ocr_line' id='line_1_29' title="bbox 191 4143 1323 4227; baseline 0.004 -21"><span class='ocrx_word' id='word_1_227' title='bbox 191 4149 329 4210; x_wconf 82' lang='lat' dir='ltr'><strong>mortem</strong></span> <span class='ocrx_word' id='word_1_228' title='bbox 353 4146 625 4214; x_wconf 84' lang='lat' dir='ltr'><strong>victorioaiaeimie</strong></span> <span class='ocrx_word' id='word_1_229' title='bbox 649 4154 683 4214; x_wconf 93' lang='lat' dir='ltr'><strong>et</strong></span> <span class='ocrx_word' id='word_1_230' title='bbox 706 4145 949 4212; x_wconf 79' lang='lat' dir='ltr'><strong>invincibilibus</strong></span> <span class='ocrx_word' id='word_1_231' title='bbox 978 4145 1145 4212; x_wconf 82' lang='lat' dir='ltr'><strong>Scotorum</strong></span> <span class='ocrx_word' id='word_1_232' title='bbox 1172 4143 1323 4227; x_wconf 77' lang='lat' dir='ltr'><strong>gentibue</strong></span> 
     </span>
    </p>
   </div>
   <div class='ocr_carea' id='block_1_4' title="bbox 189 4239 1322 4333">
    <p class='ocr_par' dir='ltr' id='par_1_5' title="bbox 189 4239 1322 4333">
     <span class='ocr_line' id='line_1_30' title="bbox 189 4239 1322 4333; baseline 0.002 -27"><span class='ocrx_word' id='word_1_233' title='bbox 189 4239 362 4324; x_wconf 75' lang='lat' dir='ltr'><strong>defunctio,</strong></span> <span class='ocrx_word' id='word_1_234' title='bbox 375 4247 650 4333; x_wconf 82' lang='lat' dir='ltr'><strong>magnificenciam</strong></span> <span class='ocrx_word' id='word_1_235' title='bbox 665 4253 698 4312; x_wconf 88' lang='lat' dir='ltr'><strong>et</strong></span> <span class='ocrx_word' id='word_1_236' title='bbox 711 4245 865 4311; x_wconf 88' lang='lat' dir='ltr'><strong>honoram</strong></span> <span class='ocrx_word' id='word_1_237' title='bbox 878 4242 1115 4310; x_wconf 83' lang='lat' dir='ltr'><strong>venerabilibus</strong></span> <span class='ocrx_word' id='word_1_238' title='bbox 1129 4241 1212 4307; x_wconf 86' lang='lat' dir='ltr'><strong>vivia</strong></span> <span class='ocrx_word' id='word_1_239' title='bbox 1226 4241 1322 4328; x_wconf 91' lang='lat' dir='ltr'><strong>digne</strong></span> 
     </span>
    </p>
   </div>
   <div class='ocr_carea' id='block_1_5' title="bbox 234 4429 1241 4560">
    <p class='ocr_par' dir='ltr' id='par_1_6' title="bbox 234 4429 1241 4560">
     <span class='ocr_line' id='line_1_31' title="bbox 333 4429 1111 4500; baseline -0.006 -15"><span class='ocrx_word' id='word_1_240' title='bbox 333 4429 344 4465; x_wconf 82' lang='lat'>²</span> <span class='ocrx_word' id='word_1_241' title='bbox 360 4432 414 4486; x_wconf 74' lang='lat' dir='ltr'><strong>Tho</strong></span> <span class='ocrx_word' id='word_1_242' title='bbox 425 4434 553 4500; x_wconf 78' lang='lat' dir='ltr'><strong>Profecto</strong></span> <span class='ocrx_word' id='word_1_243' title='bbox 564 4435 618 4488; x_wconf 82' lang='lat' dir='ltr'><strong>aad</strong></span> <span class='ocrx_word' id='word_1_244' title='bbox 630 4435 755 4500; x_wconf 69' lang='lat' dir='ltr'><strong>Prologus</strong></span> <span class='ocrx_word' id='word_1_245' title='bbox 766 4445 840 4487; x_wconf 75' lang='lat' dir='ltr'><strong>occur</strong></span> <span class='ocrx_word' id='word_1_246' title='bbox 850 4433 879 4484; x_wconf 79' lang='lat' dir='ltr'><strong>ic</strong></span> <span class='ocrx_word' id='word_1_247' title='bbox 890 4431 991 4485; x_wconf 68' lang='lat' dir='ltr'><strong>amc</strong></span> <span class='ocrx_word' id='word_1_248' title='bbox 1003 4429 1032 4482; x_wconf 86' lang='lat' dir='ltr'><strong>B.</strong></span> <span class='ocrx_word' id='word_1_249' title='bbox 1045 4429 1111 4494; x_wconf 75' lang='lat' dir='ltr'><strong>culp.</strong></span> 
     </span>
     <span class='ocr_line' id='line_1_32' title="bbox 234 4499 1241 4560; baseline 0.011 -8"><span class='ocrx_word' id='word_1_250' title='bbox 234 4539 239 4552; x_wconf 93' lang='lat'>.</span> <span class='ocrx_word' id='word_1_251' title='bbox 333 4499 387 4556; x_wconf 75' lang='lat'><strong>²13.</strong></span> <span class='ocrx_word' id='word_1_252' title='bbox 400 4505 590 4560; x_wconf 70' lang='lat' dir='ltr'><strong>affectantem</strong></span> <span class='ocrx_word' id='word_1_253' title='bbox 1188 4503 1191 4511; x_wconf 82' lang='grc'>’</span> <span class='ocrx_word' id='word_1_254' title='bbox 1240 4505 1241 4508; x_wconf 47' lang='lat'>&#39;</span> 
     </span>
    </p>
   </div>
   <div class='ocr_carea' id='block_1_6' title="bbox 0 0 1652 5122">
    <p class='ocr_par' dir='ltr' id='par_1_7' title="bbox 0 0 1652 5122">
     <span class='ocr_line' id='line_1_33' title="bbox 0 0 1652 5122; baseline 0 0"><span class='ocrx_word' id='word_1_255' title='bbox 0 0 1652 5122; x_wconf 95' lang='lat' dir='ltr'><strong> </strong></span> 
     </span>
    </p>
   </div>
  </div>
 </body>
</html>
