3284 5122
307 447 347 508 ts
679 459 1058 512 mancrnuscnrornsm.

303 764 466 848 §comitet
492 765 583 832 boot
600 765 691 832 catis
714 765 964 849 pribilapiatum'
988 766 1246 836 obtestantium
1267 769 1435 853 Abatilbis

343 859 554 943 inernies
567 858 707 943 anplius,
720 859 795 928 ulie
808 861 1349 946 §maestumcrtarmisaff-OE·
1361 864 1438 934 xiii.

305 985 585 1092 Is‘anrnroos
617 1037 675 1082 m
702 1016 830 1102 Angtiae
863 1019 1012 1084 omnbus
1044 1019 1228 1086 immons
1261 1022 1339 1100 suis,
1366 1029 1433 1087 om

303 1103 509 1188 Francigenis
548 1123 646 1188 quam
685 1103 883 1188 Angligenis,
913 1105 1065 1172 Salutem
1131 1107 1246 1172 Sciatis
1281 1128 1334 1173 ms
1369 1110 1434 1174 Dei
1522 1129 1527 1140 ·

304 1189 529 1269 misericordia,
542 1198 576 1256 at
589 1191 751 1255 communi
761 1189 894 1256 consilio
912 1192 1067 1257 baronum
1078 1191 1221 1278 ejusdem
1235 1195 1334 1280 regni,
1347 1215 1434 1260 coro—

304 1283 419 1341 natum
443 1297 521 1343 ease.
563 1275 607 1341 Et
631 1277 708 1362 quia
732 1297 865 1362 regnum
888 1297 1074 1363 oppressum
1095 1288 1163 1346 erat
1186 1281 1317 1365 injustia
1341 1301 1434 1347 exac-

304 1363 459 1441 tionibus,
480 1383 547 1448 ego,
571 1370 719 1448 respectu
742 1364 806 1428 Dei
829 1370 863 1430 et
883 1384 988 1430 amore
1013 1386 1110 1451 quem
1139 1388 1156 1432 e
1241 1387 1298 1432 vos
1324 1387 1433 1433 omnes

304 1449 416 1528 habeo,
435 1459 578 1516 sanctem
592 1449 656 1515 Dei
669 1449 834 1516 ecclesiam
848 1451 1009 1536 inprimis
1023 1388 1266 1535 liberamlbgeiu
1287 1455 1334 1519 ita
1347 1455 1433 1555 quod

304 1535 889 1707 ttu⁰ttttb30ttttttttt
909 1540 1434 1711 biffitnfftffiffluiffi

305 1643 456 1786 suirbia,
469 1709 522 1774 vel
546 1709 587 1774 de
609 1709 792 1774 hominibus
818 1645 970 1794 ejusaem,
990 1710 1091 1778 donec
1114 1733 1275 1778 successor
1298 1714 1334 1777 in
1362 1734 1433 1779 eam

304 1795 518 1880 ingrediatur3
546 1803 580 1861 at
611 1815 720 1860 omnes
748 1795 849 1861 maias
878 1799 1123 1864 consuetudines
1151 1800 1268 1884 quibus
1300 1820 1432 1886 regnum

303 1879 431 1967 Angliae
450 1882 570 1966 injuste
588 1881 823 1966 opprimebatur
836 1883 912 1948 indo
926 1883 1042 1950 aufero.
1084 1887 1136 1963 Et,
1151 1887 1179 1950 si
1193 1885 1264 1970 quis
1278 1885 1433 1952 baronum

303 1967 358 2034 rel
372 1969 525 2033 comitum
535 1965 589 2034 vel
603 1965 737 2033 aliorum
748 1969 804 2054 qui
818 1966 859 2034 de
872 1989 924 2035 me
940 1977 1053 2036 tenent
1066 1979 1210 2036 mortuus
1224 1972 1329 2051 fuerit,
1342 1973 1433 2038 heras

304 2055 374 2139 ejus
394 2075 459 2119 non
481 2061 566 2121 emet
587 2061 704 2120 terram
725 2075 825 2134 mrem,
839 2056 924 2122 siout
945 2055 1104 2122 faciebant
1122 2059 1159 2122 in
1177 2066 1320 2144 tempore
1333 2060 1433 2144 patris

304 2139 391 2218 mei,8
404 2141 462 2207 sed
481 2141 626 2226 legitima
647 2145 680 2206 et
693 2141 783 2224 justo
802 2147 931 2208 tanturn
951 2141 1149 2210 relevacicne
1170 2165 1241 2210 eam
1262 2145 1434 2226 relevabit;

304 2227 453 2294 similiter
481 2233 514 2293 st
538 2227 697 2292 homines⁴
718 2228 873 2293 baronum
902 2250 1046 2296 meorum
1074 2229 1218 2316 legitima
1238 2230 1434 2298 relevaoioue

302 2313 492 2380 relevabunt
512 2319 611 2380 terras
633 2334 707 2380 suas
727 2315 767 2380 de
788 2313 927 2381 dominis
949 2318 1024 2382 suis.
1067 2317 1163 2395 Etsi
1183 2319 1256 2402 quis
1278 2319 1433 2383 baronum

302 2400 356 2467 vel
387 2401 523 2466 aliorum
554 2401 722 2466 hominum
754 2421 897 2467 meorum
928 2401 1027 2468 filiam
1064 2423 1165 2481 suem,
1192 2403 1353 2483 sororem,⁵
1380 2403 1434 2472 vol

256 2540 260 2550 .
303 2491 444 2572 neptem,
471 2487 525 2552 vel
552 2492 719 2572 cognatam
747 2493 854 2572 nuptu
882 2489 1005 2554 tradere
1032 2489 1178 2568 voluerit,
1206 2510 1333 2557 mecum
1357 2491 1433 2556 indo

303 2573 468 2658 loquatur3
483 2572 560 2658 quia
574 2593 633 2638 nec
647 2593 705 2660 ego
719 2571 843 2658 aliquid
856 2575 897 2640 de
911 2595 970 2640 suo
983 2596 1041 2661 pro
1052 2575 1113 2641 hec
1123 2575 1258 2642 licencia
1268 2577 1432 2662 accipiam,

303 2679 363 2724 nec
378 2660 409 2724 ei
423 2659 605 2724 defendam
615 2660 694 2745 quin
706 2679 776 2724 eam
787 2660 843 2726 det
856 2661 1035 2746 cuicunque
1045 2663 1191 2740 voluerit,
1201 2669 1336 2748 excepto
1347 2661 1433 2747 quod

303 2765 370 2810 non
395 2744 485 2810 dabit
510 2767 581 2811 eam
605 2746 736 2811 inimico
759 2767 837 2812 meo.
884 2747 978 2813 Etsi
1003 2756 1128 2814 mortuo
1153 2749 1270 2815 berone
1290 2749 1344 2815 vel
1368 2749 1432 2814 alio

303 2831 434 2897 homine
447 2852 528 2910 meo,
543 2836 576 2897 et
590 2831 657 2897 filia
679 2833 748 2916 ejus
769 2832 860 2899 hores
874 2835 1069 2914 remanserit,
1085 2835 1167 2901 dabo
1188 2833 1278 2900 illem
1299 2835 1432 2902 consilio

302 2918 459 2984 baronum
477 2939 632 3000 meorum,
646 2938 721 2983 cum
734 2923 818 2985 terra
842 2941 908 2987 sua
947 2922 992 2986 Et
1016 2923 1193 3000 si,mortuo
1212 2923 1432 3000 maritorum

302 3005 491 3071 remanserit
511 3005 583 3071 sins
603 3005 722 3083 liberis,
735 3006 806 3090 ipsa
823 3005 930 3072 dotem
951 3028 1043 3074 suam
1058 3013 1091 3074 et
1104 3007 1344 3074 maritaoionem
1358 3029 1432 3093 pro-

302 3089 407 3177 priam
428 3089 569 3169 habebit,
582 3091 631 3156 ite
644 3092 731 3176 quod
744 3113 801 3178 ego
815 3111 881 3158 non
895 3094 978 3159 dabo
993 3115 1064 3160 eam
1077 3094 1142 3160 nisi
1156 3095 1334 3160 secundum
1347 3093 1432 3160 vella

302 3199 407 3244 suum
453 3177 577 3244 sivero
599 3198 681 3243 uxor
694 3199 769 3244 cum
787 3177 896 3246 liberis
911 3181 1106 3259 remanserit,
1120 3182 1228 3247 dotem
1248 3187 1283 3247 et
1302 3181 1432 3246 merita·

302 3264 427 3330 cionem
441 3264 580 3343 hebebit,
594 3263 767 3329 dummodo
781 3286 895 3351 corpus
909 3288 1005 3332 auum
1024 3267 1166 3352 legitime
1188 3269 1361 3333 servaverit
1369 3292 1378 3349 ;
1399 3273 1433 3334 ot

303 3351 404 3416 eciam
418 3372 490 3416 eam
504 3372 570 3416 non
584 3350 666 3416 dabo
680 3351 745 3416 nisi
759 3354 936 3418 secundum
945 3352 1029 3420 velle
1041 3374 1150 3435 suum;
1164 3359 1197 3420 et
1211 3360 1302 3420 terrae
1316 3353 1431 3420 libero-

301 3458 375 3505 rum
396 3459 527 3504 auorum
548 3443 656 3503 custos
676 3438 738 3503 erit
765 3437 836 3504 cive
857 3461 946 3518 uxor,
968 3441 1036 3506 sive
1061 3440 1152 3518 alius,
1174 3441 1232 3525 qui
1252 3441 1341 3525 juste
1361 3461 1431 3506 csse

302 3523 439 3590 debebit
483 3523 527 3589 Et
541 3531 579 3590 ut
593 3545 702 3590 omnes
723 3523 856 3590 barones
877 3527 942 3591 mei
963 3527 1064 3592 eciam
1085 3527 1234 3612 praecipio
1248 3528 1296 3592 ita
1309 3547 1343 3594 se
1357 3548 1433 3593 con-

301 3611 428 3676 tineant
449 3631 523 3696 erga
543 3611 627 3675 filios
641 3611 695 3675 vel
708 3611 791 3676 filias
807 3611 859 3676 vel
879 3633 994 3678 uxores
1015 3612 1184 3677 hominum
1204 3633 1343 3678 suorum.
1386 3613 1431 3678 Et

301 3717 377 3762 cum
397 3697 459 3763 hoc
479 3717 648 3763 commune
669 3699 888 3782 monetegium
902 3699 989 3784 quod
1010 3699 1194 3784 capiebatur
1214 3720 1272 3784 per
1285 3700 1431 3765 civitates

301 3788 335 3849 at
348 3803 406 3868 per
419 3784 674 3861 communitates,
688 3783 775 3867 quod
789 3801 855 3848 non
868 3783 933 3850 fuit
946 3791 1089 3870 tempore
1102 3787 1185 3870 regis
1199 3785 1358 3863 Edwardi
1371 3786 1432 3851 hoc

300 3890 343 3935 ne
365 3868 513 3935 ammodo
541 3869 599 3934 fiat
623 3870 732 3934 omnia
752 3869 897 3935 defendo.
940 3871 1034 3936 Etsi
1055 3872 1128 3956 quis
1153 3873 1357 3950 monetarius,
1378 3871 1432 3938 vel

300 3955 418 4040 aliquis
440 3956 532 4034 alius,
548 3976 623 4022 cum
635 3955 718 4020 falsa
737 3961 868 4021 moneta
881 3957 978 4022 fuerit
999 3965 1121 4042 captus,
1134 3965 1222 4024 recta
1238 3959 1371 4043 justicia
1391 3959 1432 4022 de

335 4153 430 4208 ¹c.1t.
445 4155 499 4207 cdd
516 4155 590 4207 More
608 4155 703 4222 reginae
721 4152 825 4220 Angliae
843 4155 970 4208 Mutilum
1015 4156 1133 4208 Notatur
1157 4155 1303 4223 capitulum
1320 4171 1431 4224 sequens

299 4229 426 4350 qu'b
437 4225 683 4348 bbbhiffimm
694 4239 827 4291 punam
884 4293 929 4350 ³c
950 4296 980 4348 n
993 4297 1053 4348 ona
1065 4295 1119 4348 aaa
1130 4295 1163 4348 n.
1176 4297 1303 4349 saetae
1314 4295 1374 4348 me

334 4334 542 4418 ⁴0:1⁸2'omnea.
887 4335 1191 4435 ‘immurmuro
1205 4367 1429 4434 tamniticam.

334 4434 386 4491 ⁰0.
400 4437 431 4490 lt
444 4437 594 4490 distendam
632 4435 664 4490 D,
678 4437 820 4492 diffacdam
832 4435 928 4490 altered
938 4444 964 4490 to
976 4435 1106 4489 differam.
