3240 5130
603 520 696 569 trans
710 519 862 569 DECIMUS.
1241 512 1301 570 339

176 695 287 758 ymmo
304 677 404 742 eciam
418 682 491 762 post
511 683 655 757 mortem,
668 679 769 744 ultrix
790 683 839 744 est
852 676 1077 744 crudelissima
1123 680 1199 745 Post
1217 700 1300 745 mor·

178 770 244 826 tem
265 783 349 843 vero,
370 785 441 848 quae
462 764 548 850 apud
572 764 686 830 Melun
712 764 849 831 eundem
873 765 1114 850 praeoccupavit,
1136 767 1172 830 in
1193 767 1301 832 casula

175 848 327 932 plumbea
340 851 455 917 ductus
470 857 519 918 est
533 852 568 917 in
581 852 740 938 Angliam
755 858 788 918 et
802 858 932 918 sanctus
945 857 1117 936 reputatum.

211 1211 372 1298 §namtas
386 1214 423 1282 bc
436 1214 681 1300 biapmsmicu‘c
688 1215 786 1384 {mis
800 1213 976 1298 thtsap)
990 1231 1060 1281 mm
1074 1211 1269 1281 iacibraciis.

719 1365 726 1380 .
741 1323 789 1383 ab.

173 1453 353 1551 ffirrc
375 1477 509 1542 nomini
530 1475 743 1542 rr⁰ccc⁰xcix²
756 1476 823 1540 aux
840 1474 993 1560 manay,
1007 1474 1115 1539 David
1128 1473 1356 1558 praeceperis.
1369 1485 1434 1535 aa.

172 1563 401 1647 primogenitus
422 1565 505 1649 ragis
527 1561 658 1628 Roberti
678 1562 777 1640 tercii,
791 1562 878 1627 cum*
892 1561 1021 1627 domina
1035 1561 1209 1639 amarem,
1232 1561 1298 1628 filia

173 1650 296 1715 domini
318 1649 446 1735 Georgii
468 1650 507 1715 de
521 1649 657 1714 Dunbar
677 1649 803 1714 comitis
820 1648 1044 1727 Marabiarum,
1059 1647 1298 1712 matrimonium

173 1735 340 1814 contraxit,
353 1757 468 1821 magna
482 1755 609 1802 summa
622 1736 766 1821 pecuniae
780 1742 908 1822 propter
921 1734 982 1800 hoc
996 1735 1062 1820 regi
1076 1734 1188 1800 soluta
1233 1734 1297 1800 Sed

172 1823 250 1906 quia
271 1821 340 1887 haec
355 1822 515 1908 sponsalia
535 1843 610 1887 cunr
624 1842 780 1888 consensu
801 1823 879 1886 trini
893 1827 996 1886 status
1017 1841 1082 1886 non
1104 1828 1195 1887 erant
1216 1820 1297 1887 ccle-

172 1909 271 1988 brata,
282 1908 495 1976 Archibaldus
510 1909 549 1975 de
560 1909 711 1994 Douglss‚
724 1908 838 1994 majori
851 1928 977 1974 summa
990 1907 1056 1993 regi
1069 1906 1182 1987 soluta,
1197 1908 1297 1973 filiam

172 2014 273 2073 suam,
287 1995 425 2060 Mariam
446 1997 584 2073 nominc,
596 1996 781 2062 solemniter
801 1997 837 2060 in
858 1995 938 2060 facie
960 1993 1109 2072 ccclesiae,
1128 1994 1228 2058 altera
1249 1995 1296 2059 di-

172 2080 278 2159 missa,
292 2082 443 2168 praedicto
459 2083 597 2167 principi
611 2083 646 2147 in
667 2081 906 2147 matrimonium
921 2080 1084 2167 copulavit
1097 2080 1183 2164 apud
1198 2080 1296 2144 Both-

172 2167 241 2233 wel
286 2168 380 2246 Quod
403 2189 588 2254 comparans
613 2189 718 2234 comes
743 2168 960 2234 Marchiarum
990 2171 1163 2250 antequam
1187 2167 1300 2230 matri.

171 2254 316 2318 moniam
330 2262 586 2321 consummatum
596 2254 743 2340 fuit,rcgi
757 2255 898 2333 accessit,
906 2253 1016 2319 dicens
1027 2258 1060 2318 ct
1068 2253 1099 2317 ci
1112 2253 1295 2338 supplicans

172 2347 210 2406 ut
223 2345 280 2406 aut
294 2343 534 2407 matrimonium
555 2341 618 2407 sibi
631 2362 729 2426 penes
744 2341 843 2407 filiam
864 2360 956 2406 suam
977 2339 1165 2424 promissam
1178 2339 1294 2423 perim-

170 2426 253 2512 pleri
273 2427 398 2508 facerat,
419 2433 476 2494 aut
496 2429 583 2513 qnod
603 2448 763 2494 summam
787 2427 857 2492 auri
879 2447 936 2512 per
957 2446 1031 2492 anm
1054 2446 1120 2511 prae
1143 2425 1293 2490 manibus

170 2513 307 2579 solutam
328 2515 391 2580 sibi
405 2515 600 2601 integraliter
613 2515 810 2594 restitucrst3
838 2517 879 2594 et,
893 2513 971 2599 quia
984 2514 1024 2579 de
1037 2531 1187 2596 responso
1211 2512 1294 2596 regis

169 2600 274 2666 dictus
296 2621 400 2668 comcs
413 2621 479 2666 non
493 2607 561 2667 erat
575 2606 752 2679 contentus,
766 2600 872 2666 missis
887 2599 1071 2666 custodibus
1086 2599 1121 2662 in
1135 2603 1237 2663 castro
1252 2598 1292 2664 de

170 2687 313 2767 Dunbar,
328 2687 387 2754 viz.
402 2689 531 2754 dominc
545 2688 683 2754 Rcberto
698 2689 737 2753 de
751 2685 913 2753 Metland⁵
927 2707 1001 2752 cunr
1014 2685 1087 2750 aliis
1101 2684 1211 2749 amicis
1226 2685 1293 2751 suis

171 2774 371 2858 quibusdam,
385 2776 421 2840 in
434 2775 588 2860 angliam
602 2775 741 2853 secessit,
755 2782 788 2839 et
802 2773 889 2839 cunr⁴
901 2793 974 2859 rege
987 2771 1115 2857 Angliae
1129 2771 1189 2836 sub
1203 2771 1293 2837 salvo

169 2861 329 2926 conductu
357 2861 552 2947 colloquium
585 2861 707 2927 habuit.
766 2862 844 2926 Post
872 2861 963 2945 cujus
991 2877 1159 2936 recessum,
1186 2857 1291 2924 dictas

169 2947 261 3014 miles
286 2948 443 3014 Robcrtus
469 2947 509 3015 dc
534 2947 705 3027 Metland,⁶
729 2948 924 3032 nescioquo
949 2947 1065 3030 spiritu
1093 2951 1150 3010 aut
1177 2945 1291 3011 timore

168 3034 292 3112 ductim,
306 3035 494 3120 praedictum
507 3043 648 3102 castrum
662 3035 791 3101 domino
805 3033 1000 3099 Ambibaldc
1010 3032 1050 3098 de
1064 3029 1213 3116 Douglcs,
1224 3033 1290 3097 filio

167 3121 355 3186 Archibaldi
376 3123 470 3208 Nigri
491 3123 616 3189 comitis
638 3122 789 3206 ejusdem,
804 3121 841 3186 in
854 3121 1031 3186 custodiam
1051 3117 1191 3195 tradidit
1206 3138 1290 3184 anno

166 3207 300 3272 Domini
314 3207 483 3274 millesimo
494 3220 586 3275 cccc⁰.
624 3209 717 3287 Quod
732 3229 806 3274 cum
820 3208 945 3272 audivit
955 3225 1059 3272 comos
1074 3204 1290 3270 Marchiarum

168 3292 204 3356 in
214 3291 339 3378 Anglia,
354 3295 481 3379 scripsit
494 3295 612 3374 literas,
625 3295 845 3360 transmittens
859 3314 933 3360 suos
948 3291 1091 3372 nuncios,
1100 3296 1137 3356 ut
1151 3297 1290 3356 castrum

167 3398 264 3444 suum
278 3379 340 3444 sibi
353 3381 558 3466 rcddcrc[n]t,
572 3401 609 3446 co
624 3381 710 3465 quod
723 3381 957 3446 forisfactmam
971 3399 1036 3444 non
1050 3379 1218 3456 commisit,
1232 3378 1289 3444 scd

168 3465 229 3530 sub
244 3466 332 3531 salvo
353 3467 513 3532 conductu
534 3467 617 3551 rogis
631 3466 757 3552 Angliae
778 3467 847 3549 ejus
864 3465 1069 3551 praesenciam
1084 3470 1211 3552 propter
1225 3465 1288 3530 alia

168 3572 227 3617 sua
247 3554 378 3638 negocia
399 3553 507 3619 adivit
552 3553 645 3631 Quod
667 3554 729 3617 sibi
752 3571 936 3618 concessum
957 3551 1111 3628 nonfuit
1156 3553 1289 3636 Propter

168 3640 255 3722 quod
270 3661 375 3706 comes
389 3640 527 3705 nimium
541 3645 726 3717 commotus,
737 3638 878 3704 collectis
888 3639 1009 3704 viribus
1023 3644 1090 3704 tam
1104 3639 1286 3716 amicorum,

167 3725 315 3805 filiorum,
329 3727 613 3793 confoederatorum
635 3729 668 3791 ot
681 3725 818 3790 aliorum
839 3726 902 3791 sibi
915 3727 950 3790 in
964 3726 1084 3812 Anglia
1098 3725 1287 3800 lavensium,

166 3811 202 3876 in
227 3813 345 3879 finibus
374 3812 586 3879 marchiarum
615 3813 732 3878 Scociac
759 3833 904 3898 guerram
930 3813 1031 3878 diram
1060 3811 1286 3888 commovebat,

166 3898 312 3966 adductis
333 3900 369 3965 in
382 3899 534 3985 Angliam
555 3899 666 3984 spoliis
688 3920 761 3964 cum
783 3899 940 3984 captivis,⁰
952 3921 1008 3984 per
1024 3917 1134 3965 ornnes
1155 3896 1286 3962 limitcs⁷

167 3987 284 4052 Scociae
298 3987 361 4052 sibi
374 3985 549 4071 possibiles.
592 3988 720 4052 Etcum
734 3985 795 4052 hoc
809 4007 882 4052 cum
896 4006 1011 4072 magno
1026 3985 1167 4052 exercitu
1180 3989 1286 4067 partes

166 4073 338 4139 Iaudoniae
352 4095 454 4158 usque
475 4093 494 4138 a
516 4072 560 4139 ud
582 4073 769 4158 Hadington
789 4074 938 4139 intrando
959 4073 1029 4156 ipsa
1049 4091 1124 4137 cum
1146 4069 1286 4136 chricc

166 4160 328 4246 Hatspurc
344 4159 484 4243 juniore⁸
493 4095 551 4245 llic
565 4159 677 4244 Pcrcy]
693 4160 808 4238 dicam,
822 4180 953 4226 numero
969 4159 1104 4223 duorum
1118 4155 1170 4222 vel
1187 4157 1286 4222 trium

73 4406 74 4410 ,
201 4349 210 4383 ¹
223 4351 251 4402 O.
265 4350 296 4401 D.
310 4349 340 4401 R
355 4349 466 4416 Rosayc,
481 4349 535 4402 aad
546 4365 574 4400 ao
582 4351 687 4413 passim
980 4345 990 4377 ²
1003 4347 1032 4396 B.
1046 4345 1108 4395 xlix.

200 4418 252 4472 ³0.
265 4420 295 4472 a
309 4420 363 4471 odd
375 4425 409 4472 et.
590 4415 643 4470 ⁴0.
657 4418 687 4470 Ε.
701 4422 761 4470 omit
773 4435 838 4470 curn⁴
976 4413 1027 4467 ⁶0.
1041 4415 1070 4466 la
1085 4413 1241 4467 Marrtalant.

202 4487 253 4542 ⁶0.
269 4490 298 4541 a.
312 4491 416 4556 rapinis.
597 4486 648 4540 ⁷0.
662 4488 753 4540 limite.
979 4483 1030 4538 ⁸0.
1044 4485 1075 4536 D.
1091 4484 1118 4534 a
1132 4485 1236 4548 juniori.
1288 4505 1298 4522 ·
