3286 5112
320 461 382 521 260
693 473 789 524 LIBER
802 471 1074 524 mosomensem.

317 629 463 714 ejusdem
476 629 601 696 heredis
612 651 649 696 ac
663 631 754 718 regni
766 631 982 717 gubernacula
995 649 1098 716 usque
1112 627 1152 694 ad
1168 628 1342 714 perlectam
1362 624 1452 710 regis

316 722 444 781 atatem
469 716 608 796 haberat,
633 738 670 783 ac
694 719 785 804 regni
809 724 843 784 et
867 717 980 802 populi
1005 715 1194 795 custodiam,
1222 715 1263 780 de
1287 733 1450 780 consensu

318 803 464 867 omnium
477 808 512 869 ct
525 804 725 890 singulorum
746 805 941 870 unanimiter
960 803 1187 870 concordatum
1208 808 1242 868 et
1263 801 1449 866 ordinatum

317 893 375 954 est.
420 890 490 968 Quo
516 890 565 955 e0¹
591 891 766 970 deficiente,
791 890 878 976 quod
902 890 1051 955 dominus
1076 890 1218 956 Jaoobus
1239 889 1280 953 de
1302 887 1450 972 Dougles

316 974 475 1059 praedicti²
488 975 612 1042 heredis
627 983 661 1044 et
674 979 764 1063 regni
784 978 926 1063 regimen
947 983 980 1042 et
994 975 1221 1062 gubernacule³
1234 975 1374 1052 haberet,
1387 995 1450 1058 per

318 1061 401 1146 regis
416 1083 607 1129 consensum
621 1086 659 1130 ec
673 1065 818 1129 omnium
839 1070 873 1130 et
897 1063 1096 1148 singulorum
1120 1062 1264 1140 aliorum,
1289 1061 1391 1125 donec
1413 1065 1450 1123 et

317 1169 484 1234 quousque
497 1150 671 1217 videretur*
684 1152 788 1217 tribus
802 1151 939 1217 statibus
956 1150 1044 1236 regni
1058 1147 1145 1234 quod
1158 1149 1250 1214 heres
1263 1147 1390 1212 futurus
1405 1146 1451 1212 ad

318 1236 408 1318 regni
421 1237 563 1322 regimen
576 1239 690 1304 merito
704 1238 819 1304 debeat
837 1237 987 1304 sufficere
1032 1237 1137 1314 Quam
1160 1255 1278 1312 curem,
1292 1234 1451 1320 guberne-

317 1322 443 1388 cionem
457 1331 490 1388 et
504 1324 645 1409 regimen
658 1324 819 1410 praedictae
832 1344 975 1409 personae
986 1321 1172 1388 nominatae⁶
1183 1323 1219 1386 in
1233 1320 1375 1406 [se]ipsis
1384 1319 1450 1384 ibi-

316 1407 391 1472 dem
401 1409 515 1493 jurati⁰
528 1409 738 1510 susceperint⁷
749 1432 827 1511 cum
841 1417 968 1511 tempus
988 1409 1175 1487 advenerit⁸
1187 1409 1331 1508 prestito
1344 1407 1385 1472 ab
1398 1406 1448 1506 eis

318 1494 1452 1668 ttttltgtttttttttttttttglffttthttffi

318 1667 556 1746 inviolabiliter,
570 1690 645 1734 cnm
659 1669 795 1756 siugulis
809 1670 961 1748 articulis,
986 1676 1025 1734 ut
1050 1670 1146 1734 moris
1169 1674 1219 1734 est
1241 1667 1367 1752 regibus
1389 1687 1449 1730 seu

318 1753 494 1819 rectoribus
528 1763 686 1840 praestare
745 1757 909 1835 Preeterce,
945 1777 1020 1821 cum
1052 1755 1214 1840 aliquibus
1250 1753 1449 1837 temporibus

318 1839 488 1922 preteritis
513 1861 533 1905 e
561 1842 762 1926 quibusdem,
785 1843 863 1909 licet
886 1844 994 1908 minus
1018 1843 1219 1919 sufficienter,
1246 1841 1283 1905 in
1312 1840 1448 1904 dubium

319 1925 434 1992 luisset
447 1933 630 1993 revocatum
643 1950 707 2014 quo
718 1931 791 2014 jure
805 1930 963 1995 successio
984 1929 1020 1995 in
1040 1949 1137 2014 regno
1159 1927 1288 2006 Scociae,
1309 1927 1338 1992 si
1361 1927 1449 1991 clara

319 2013 453 2078 forsitan
466 2035 533 2079 non
546 2017 699 2096 extiterit,
719 2016 825 2082 decidi
846 2017 974 2082 deberet
995 2036 1033 2081 ac
1053 2015 1191 2100 juridice
1211 2013 1398 2090 terminari,⁹
1409 2013 1449 2076 in

318 2099 430 2164 eodem
444 2101 654 2184 parliamento
667 2123 725 2188 per
737 2103 859 2169 clerum
881 2109 915 2169 ct
935 2103 1091 2188 populum
1109 2101 1306 2167 declaratum
1324 2099 1388 2164 fuit
1408 2119 1447 2163 ec

318 2186 492 2252 diffinitum
507 2189 593 2273 quod
612 2210 670 2275 per
684 2190 947 2256 consuetudinem
968 2191 1004 2254 in
1024 2186 1253 2254 inferiorffius¹⁰
1266 2187 1368 2252 feodis
1389 2206 1448 2251 seu

318 2271 549 2341 hereditatibus
569 2276 606 2341 in
626 2297 723 2362 regno
744 2275 980 2354 observatum,¹¹
993 2296 1069 2341 cum
1082 2275 1118 2340 in
1139 2273 1338 2340 successione
1358 2272 1449 2357 regni

317 2359 467 2445 aliqualis
489 2363 686 2428 consuetudo
707 2362 885 2430 hattenus¹²
906 2384 972 2428 non
992 2363 1057 2428 fuit
1076 2361 1267 2438 introducta,
1287 2359 1447 2424 minime¹³

319 2447 434 2513 debeat
448 2467 506 2512 eeu
514 2447 626 2515 debuit
640 2450 727 2515 dicta
737 2450 894 2516 successio
904 2449 1086 2515 terminari:
1107 2449 1164 2514 sed
1178 2449 1264 2532 quod
1273 2445 1447 2533 proximior

318 2535 479 2599 masculus
492 2540 635 2620 tempore
648 2537 760 2602 mortis
770 2538 853 2622 regis
867 2536 985 2614 ultimi,
996 2557 1037 2602 ex
1047 2541 1133 2601 recta
1143 2535 1224 2599 linia
1233 2533 1446 2610 discendente,

318 2619 380 2698 vel,
391 2621 486 2704 ejus¹⁴
493 2621 635 2687 masculo
646 2622 821 2701 deficiente,
831 2623 1006 2707 proximior
1016 2621 1178 2700 lamelle,²⁶
1186 2642 1227 2687 ex
1237 2619 1447 2696 eademlinia,

320 2705 390 2790 [aut
403 2707 462 2772 illa
474 2707 568 2793 linia]
582 2709 722 2793 penitus,
743 2709 918 2794 proximior
939 2708 1101 2775 masculus
1116 2728 1156 2773 ex
1169 2708 1250 2772 linia
1264 2706 1445 2784 collaterali,

319 2797 442 2857 attento
460 2795 533 2878 jure
547 2795 711 2881 sanguinis
726 2815 790 2880 quo
804 2795 869 2880 ipsi
881 2796 949 2881 regi
963 2796 1113 2861 defuncto
1124 2796 1180 2879 jus
1193 2793 1347 2881 regnandi
1361 2813 1447 2858 com-

318 2879 458 2962 petebat,
471 2880 539 2964 regi
553 2881 593 2946 de
608 2882 699 2966 cujus
716 2881 915 2948 successione
929 2902 1019 2966 egere
1033 2882 1166 2947 forsitan
1186 2881 1364 2965 contigerit,
1377 2879 1447 2944 sine

318 2965 572 3032 contradiccione
586 2987 644 3032 scu
657 2968 887 3052 impedimento
902 2987 1104 3052 quocumque
1117 2969 1154 3032 in
1167 2987 1264 3052 regno
1278 2966 1446 3033 succedere

318 3051 450 3117 debeat:
472 3054 558 3137 quod
568 3053 635 3139 juri
648 3053 808 3138 imperiali
822 3055 899 3119 satis
911 3075 1086 3120 consonum
1096 3053 1352 3120 essdicensetm.
1394 3051 1447 3116 Ad

318 3139 482 3222 praemissa
509 3159 585 3206 vero
614 3141 722 3206 omnic
746 3148 780 3206 et
804 3141 933 3226 singule
956 3140 1102 3219 fideliter,
1126 3141 1196 3207 eine
1221 3140 1303 3218 dolo,
1327 3139 1448 3216 fraude,

318 3224 451 3291 ficcione
465 3225 533 3292 sive
554 3227 638 3293 malo
652 3227 790 3313 ingenio,
804 3227 921 3293 futuris
942 3228 1138 3312 temporibus
1161 3227 1366 3304 observande,
1380 3225 1448 3309 epi-

317 3311 415 3394 scopi,
426 3312 556 3379 abbetes
571 3319 603 3379 et
616 3315 745 3399 priores,
756 3321 790 3380 et
804 3315 910 3380 caeteri
918 3315 958 3380 dc
972 3313 1089 3392 clero,¹⁷
1098 3315 1135 3380 in
1147 3314 1250 3379 forma
1259 3313 1391 3398 jurandi
1399 3313 1446 3376 eis

319 3417 340 3463 e
363 3399 436 3483 jure
464 3399 620 3479 statuta,¹8
645 3421 770 3468 necnon
798 3403 941 3480 comites,
969 3402 1112 3479 barones,
1139 3401 1260 3466 milites
1288 3406 1323 3465 et
1349 3399 1448 3464 libere

319 3489 475 3566 tenentes,
489 3492 523 3552 et
536 3487 643 3553 coeteri
658 3487 698 3554 de
712 3488 951 3570 communitate,
966 3489 1061 3554 tectis
1083 3487 1291 3554 sacrosanctis
1313 3505 1449 3571 evange-

366 3671 417 3725 10.
430 3673 461 3726 Ε.
474 3675 564 3728 eciam

365 3739 418 3796 *s
433 3745 594 3811 predictum.
631 3747 663 3798 D.
677 3748 832 3813 predictum
843 3747 1180 3814 obadsrompraedictua
1209 3746 1238 3798 (l.
1252 3746 1282 3798 Ε
1295 3745 1449 3813 predictam

318 3831 417 3935 θυι-ξιξ).
435 3814 531 3938 agera
539 3817 572 3938 g
585 3817 616 3869 Ε
615 3819 690 3938 qut
702 3818 805 3938 lpleiredis
817 3824 845 3871 et
856 3819 937 3887 regni.

415 3923 422 3937 .
648 3903 710 3938 ruso
739 3905 791 3940 um.

367 3953 418 4007 ⁴0.
432 3957 564 4010 ridentur.
578 3903 633 4011 gll).
647 3958 808 4012 viderentur.
841 3959 872 4012 Ε.
886 3959 1028 4012 videbitur.
1130 3955 1183 4010 ⁸0.
1197 3959 1227 4010 E.
1244 3955 1446 4026 prenominatae.

366 4024 420 4078 ⁶B.
433 4029 461 4080 0.
474 4026 505 4079 Ε.
517 4029 620 4094 jurate.
657 4027 689 4079 D.
702 4029 877 4094 medsrom
888 4031 990 4096 jurate.
1130 4027 1182 4080 ill
1198 4030 1228 4080 Ε.
1242 4030 1421 4094 susceperuut

366 4093 377 4130 ⁸
391 4097 418 4150 O.
433 4097 466 4149 D.
479 4097 631 4151 edvsnmet.
666 4099 697 4151 Ε
710 4099 855 4152 adveniret
1130 4095 1143 4132 ⁹
1155 4100 1187 4151 1).
1203 4100 1353 4150 terminare.

354 4163 376 4201 ¹⁰
388 4167 416 4222 0.
431 4168 461 4221 Ε
474 4167 621 4222 tertoribus.
1118 4167 1137 4204 ¹¹
1151 4170 1180 4222 0.
1194 4169 1368 4220 observatam.

355 4233 377 4270 ¹²
388 4238 418 4290 Ο.
431 4239 461 4290 Ε.
475 4237 610 4291 bootenns
647 4239 680 4292 D.
693 4243 809 4294 actenus
1122 4238 1144 4274 ¹³
1155 4241 1183 4292 O.
1197 4240 1227 4296 El
1241 4255 1319 4291 nuno.

352 4305 375 4343 ¹⁴
387 4309 415 4361 B.
429 4308 458 4362 O.
471 4309 504 4361 D.
519 4311 549 4362 Ε
562 4311 651 4362 caim
1120 4309 1143 4344 ¹⁶
1154 4311 1184 4362 B.
1197 4310 1226 4362 O.
1241 4311 1272 4361 D.
1286 4309 1315 4360 Ε
1329 4307 1442 4359 femella

353 4376 375 4413 ¹⁶
387 4379 414 4431 0.
428 4379 461 4432 D.
474 4380 569 4432 altered
574 4382 648 4444 from
660 4385 708 4434 est.
1122 4379 1188 4432 Π1).
1202 4381 1271 4433 mida
1281 4381 1308 4431 in
1321 4379 1398 4433 clero.

354 4445 376 4485 ¹⁸
388 4449 416 4504 C.
430 4449 460 4503 Ε.
473 4455 582 4504 statuto.
