3284 5122
649 511 744 561 LIBER
758 511 912 562 OOEAVUS.
1282 507 1343 566 119

215 751 1343 826 rs

217 805 322 917 Quod,
332 840 395 906 sibi
415 859 601 909 concessum
614 848 673 922 est,
687 850 722 908 et
734 778 846 910 ffiii
857 778 971 911 libiade
986 809 1081 910 carisa
1094 866 1151 930 per
1164 846 1296 913 barones
1311 856 1344 913 et

147 991 155 1008 ‚
215 925 335 992 clerum
364 927 483 994 Seooias
510 929 659 996 missum²
686 929 772 998 dioto
800 951 896 1016 regno
924 931 1143 1018 Nerouwegiae
1171 953 1229 1018 pro
1257 933 1344 999 dicta

214 1012 367 1091 ducende,
382 1021 416 1080 et
429 1015 553 1082 dietum
569 1017 813 1084 matrimonium
834 1017 1086 1084 contrahendum
1104 1037 1178 1084 cum
1193 1020 1309 1086 effectu
1317 1018 1344 1100 ;⁸

213 1097 250 1164 in
275 1101 424 1167 omnibns
448 1107 557 1168 tamen
582 1102 680 1169 salvis
706 1103 841 1188 juribus,
863 1104 1048 1192 privilegiis,
1068 1106 1284 1190 praerogativis
1310 1115 1343 1172 et

212 1184 414 1254 libertatibus
435 1188 530 1274 regias
554 1191 731 1274 majestatis
752 1211 874 1256 coronae
896 1191 1015 1258 Scociae
1039 1192 1080 1258 ab
1105 1193 1194 1258 omni
1218 1193 1342 1278 subjec-

213 1271 314 1338 tionis
350 1278 384 1339 et
416 1275 582 1342 servitutis
619 1277 739 1342 clameo
775 1276 811 1342 in
846 1285 1045 1362 perpetuum,
1072 1279 1342 1363 quemadmodum

212 1357 338 1437 melius,
350 1360 491 1440 liberius,
506 1363 651 1447 quieoins
672 1368 706 1428 et
719 1363 983 1430 honorificencius
1002 1365 1039 1429 in
1053 1385 1243 1450 quocunque
1260 1372 1341 1432 tem-

212 1464 288 1529 pore
305 1449 465 1531 preterito
479 1469 640 1534 uncquam
660 1449 843 1516 habebatur.
889 1451 961 1529 Sed,
976 1453 1052 1537 qnia
1066 1451 1153 1517 dicta
1173 1451 1248 1530 filia,
1263 1473 1341 1536 pen·

211 1531 303 1598 denti
331 1541 473 1618 tempore
501 1542 690 1614 contractus,
718 1536 804 1604 diem
832 1536 948 1602 clausit
981 1544 1168 1616 extremum,
1195 1540 1341 1623 praedicti

212 1619 324 1685 nuncii
352 1618 545 1722 incompleta
578 1623 708 1708 negocio
744 1624 862 1688 reversi
890 1630 969 1690 sunt
1003 1625 1044 1690 ad
1072 1645 1203 1710 regnum
1233 1647 1337 1692 suum.

213 1704 338 1782 Quibus
362 1708 490 1774 nuncin
514 1709 642 1786 auditis,
663 1715 697 1775 et
716 1715 818 1776 morte
839 1711 914 1778 filia
935 1731 993 1796 pro
1016 1711 1108 1790 alata,
1131 1713 1241 1777 statim
1265 1733 1340 1778 con-

211 1794 318 1860 tencio
339 1799 409 1859 orta
433 1801 483 1860 eat
506 1795 591 1861 inter
612 1795 795 1862 Johannem
819 1796 858 1862 de
883 1730 1019 1864 milicia
1044 1803 1078 1864 et
1103 1798 1339 1865 resecamus

212 1877 322 1980 Bruus,
335 1881 534 1984 quiscerem
547 1881 709 1948 videretur
729 1882 811 1984 esse⁴
824 1883 925 1968 major
938 1892 972 1950 et
986 1885 1027 1950 ad
1044 1885 1099 1969 jus
1112 1885 1339 1986 hereditarium

211 1969 885 2140 fflffilfflssdtbllmldt
897 1971 1215 2143 maffia
1237 1972 1339 2056 Bm

210 2332 374 2419 §tacitast
387 2336 423 2405 bs
436 2336 659 2422 histrionice?
672 2338 759 2424 iaris
773 2338 939 2408 mmmm
961 2339 1138 2427 [amfleat
1153 2342 1185 2408 c
1198 2339 1339 2424 malim

274 2433 552 2606 ἓῖἐᾈ-πςὲιῖἰῑιὶῒ
566 2437 685 2508 eladae
705 2439 798 2524 jabes
812 2439 957 2526 manca
970 2439 1032 2508 aab
1046 2439 1236 2510 militantia
1250 2439 1338 2507 boas

207 2663 445 2766 ROBILES
466 2709 542 2756 vero
563 2690 653 2776 regni
673 2690 828 2778 praedicti,
842 2711 917 2757 cum
938 2691 1087 2777 praelatis,
1101 2689 1283 2776 proceribus
1304 2694 1338 2756 et

208 2777 395 2844 custodibus
408 2777 600 2857 memoratis,
612 2797 708 2864 super
717 2779 790 2863 jure
799 2779 889 2863 regni
898 2779 1071 2863 saepissime
1082 2777 1215 2844 oonsilio
1226 2777 1336 2844 habito

207 2863 412 2930 discucienda
425 2865 614 2930 tractabant.
660 2865 915 2950 Verumptsmen
925 2885 962 2930 ea
972 2865 1116 2950 quodlin
1129 2863 1190 2930 hac
1204 2863 1337 2930 materia

207 2951 289 3017 bene
318 2955 351 3015 et
378 2955 505 3016 matun
534 2950 764 3019 deliberacione
800 2951 928 3040 degesta
956 2951 1179 3037 concipiebant
1207 2957 1336 3036 propter

206 3039 325 3104 multas
350 3057 462 3104 causas
486 3038 626 3122 proferre
648 3038 836 3104 uolebantzl
863 3039 975 3124 prime,
997 3039 1075 3123 quia
1097 3038 1231 3104 materia
1256 3037 1336 3104 eratl

207 3125 348 3225 multum
362 3121 501 3226 difficilis
516 3130 549 3190 at
559 3124 676 3226 ardua;
690 3123 837 3226 secundo,
849 3125 926 3210 quia
936 3144 1032 3211 super
1041 3125 1113 3227 jure
1127 3124 1336 3226 successionis

205 3209 1335 3384 &nltlrffslbffitttsffiplpsillisas
1380 3355 1385 3364 ,

205 3383 413 3464 vacillabant3
434 3403 471 3450 ac
481 3384 581 3453 eciam
592 3383 669 3469 quia
679 3385 820 3470 inregno
831 3385 956 3450 nullum
969 3385 1129 3469 caputvel
1140 3383 1334 3469 superiorem

205 3468 377 3550 habebant,
389 3469 447 3555 qui
459 3471 627 3536 veritatem
649 3471 805 3536 sustinere
819 3470 966 3549 audebat,
979 3487 1039 3538 nec
1059 3470 1117 3556 qui
1138 3490 1247 3536 eorum
1261 3489 1333 3535 sen-

204 3555 346 3622 tenciam
360 3557 546 3623 execnoioni
562 3557 670 3622 debite
684 3557 899 3636 demandaret,
913 3563 947 3622 et
960 3563 1066 3642 partes
1081 3557 1123 3622 ad
1137 3557 1333 3623 sentenciam

206 3641 435 3708 observandam
463 3643 612 3728 potencia
640 3644 851 3730 compelleret
902 3643 1052 3722 Tandem,
1080 3644 1230 3709 omnibus
1258 3663 1332 3708 con·

204 3728 362 3807 sideratis,
375 3729 542 3796 unanimo⁹
556 3749 712 3797 consensu
733 3729 958 3796 conclusenmt
978 3736 1016 3795 ut
1036 3750 1094 3816 pro
1114 3749 1186 3816 rege
1207 3728 1333 3813 Angliae

207 3815 374 3894 Eduardo,
382 3821 537 3901 tanquam
549 3837 609 3920 pro
622 3816 713 3903 regni
727 3815 828 3882 amico
843 3821 876 3882 et
889 3816 1110 3894 confoederato,
1124 3816 1250 3882 racione
1264 3835 1332 3879 ma-

203 3903 348 3967 trimonii
360 3902 529 3988 prababiti
550 3925 586 3969 m
607 3904 745 3970 eundem
765 3901 919 3969 habentes
941 3903 1178 3980 confidenciam,
1197 3902 1331 3966 nuncios

203 3990 466 4068 transmitterent,
479 4011 517 4056 ac
531 3989 677 4070 eundem,
691 3996 729 4054 ut
743 3989 865 4074 dejure
879 3991 1087 4056 successionis
1100 3989 1189 4075 regni
1204 3987 1331 4068 Scaeis,

203 4080 358 4160 tanquam
366 4076 469 4161 judex
483 4077 626 4162 superior
638 4097 696 4162 per
709 4097 900 4143 consensum
913 4076 1057 4142 omnium
1068 4075 1196 4154 electus,
1207 4095 1331 4140 necnon

250 4264 302 4318 ²R
316 4266 346 4319 0.
359 4266 390 4319 R
402 4265 576 4318 Garnavsran.
775 4263 832 4317 ¹13.
844 4265 873 4319 G.
888 4265 920 4318 D.
934 4265 964 4317 Ε.
978 4263 1057 4316 missi.
1095 4263 1123 4316 G.
1136 4265 1169 4317 D.
1183 4265 1213 4316 E.
1227 4265 1283 4316 cdd
1293 4265 1330 4317 in.

249 4335 261 4369 ⁸
274 4337 303 4388 B.
315 4337 421 4389 affeetu.
562 4334 574 4369 ⁴
585 4334 614 4388 0.
627 4335 658 4387 Ε.
672 4337 733 4387 canit
744 4351 807 4389 esse.
948 4333 1001 4388 ‘a
1014 4336 1045 4388 O.
1058 4335 1090 4387 D.
1106 4335 1134 4387 b.
1148 4333 1316 4389 discussione.

249 4404 261 4440 ⁸
273 4407 303 4460 B.
315 4423 382 4474 qun.
561 4402 573 4440 ¹
585 4406 617 4459 D.
631 4405 757 4458 volabant
768 4405 864 4458 altered
875 4413 900 4458 to
911 4406 1044 4458 nolebant
1079 4405 1109 4458 ll.
1123 4405 1256 4460 nolebant.

252 4473 304 4534 ⁸0.
317 4477 347 4532 ll.
360 4477 420 4532 tait
561 4473 617 4529 ⁸1).
632 4477 757 4529 unanimo
769 4475 864 4529 altered
877 4476 1038 4529 tonnanimi.
