3286 5112
282 447 345 507 aco
467 405 470 412 ’
657 453 753 506 unm
766 451 1038 503 rncscmnmns.

281 619 455 700 percutere,
476 612 547 698 ipse
567 611 683 691 inians,
704 611 848 696 gladium
869 609 1034 686 vibrando,
1052 609 1211 694 percussit
1231 609 1413 692 proximum

281 701 346 767 sibi
367 708 493 786 patrem
514 699 757 784 percucientem.
800 699 936 783 Pmpter
956 697 1044 782 quod
1064 700 1197 762 vocotus
1219 702 1269 761 est
1290 715 1414 781 semper

281 787 441 873 posterius
473 785 644 870 Philippus
673 787 701 850 tc
728 785 856 869 Hardy,
884 783 972 868 quod
1003 802 1122 848 nomen
1150 782 1187 847 in
1214 782 1349 848 cronicis
1378 783 1413 847 in

281 880 438 940 aternum
459 872 599 938 habebit
642 873 713 938 Rex
734 893 809 938 vero
830 871 973 937 Francia
993 869 1153 936 abductus
1174 874 1224 934 cst
1246 869 1288 936 ad
1308 890 1414 954 regern

282 961 417 1046 Angliaa
461 959 647 1025 Willelmm
671 979 747 1025 vero
772 958 813 1024 de
837 957 981 1044 Douglas
1006 977 1064 1042 per
1088 961 1200 1042 gentes
1223 955 1319 1034 snas,¹
1343 955 1414 1040 ipso

281 1047 394 1126 invito,
405 1045 630 1112 abductusesa
675 1044 892 1110 Archibaldus
902 1063 986 1123 vero,
997 1043 1104 1109 dictus
1113 1043 1193 1108 Blae
1202 1042 1414 1121 Araducca?

282 1134 370 1199 filius
390 1133 509 1198 nobilis
523 1134 547 1199 J
548 1133 639 1198 scobi
654 1133 694 1199 da
708 1131 852 1218 Douglaa
867 1131 925 1216 qui
939 1151 993 1196 cor
1006 1130 1089 1216 regis
1104 1129 1153 1195 in⁸
1167 1130 1320 1196 Sanctam
1340 1130 1415 1196 Ter-

282 1217 1414 1390 midiiblitdildd’ldtimlffildltiiii

280 1394 343 1460 hoc
356 1393 478 1459 bellum
487 1327 688 1477 depiloytieis
701 1392 908 1458 commissum
921 1353 1076 1475 estsquod
1082 1395 1220 1516 propter
1232 1324 1414 1475 sriperbiam

282 1489 316 1547 et
336 1480 512 1546 olacionem
533 1480 727 1544 Francorum
748 1483 783 1544 et
803 1477 1083 1564 parvipensionem
1116 1477 1322 1542 inimicorum
1343 1498 1414 1562 per-

282 1567 390 1633 ditum
404 1573 460 1632 est
505 1565 600 1643 Nam,
614 1586 672 1650 per
685 1585 796 1632 eorum
809 1564 1033 1650 arroganciam,
1047 1584 1086 1628 eo
1100 1564 1186 1648 quod
1200 1568 1292 1629 tanta
1304 1564 1415 1628 multi·

283 1654 363 1719 tudo
374 1657 569 1718 armatorum
578 1653 737 1737 juvenum
746 1651 947 1718 dominorum
962 1656 1061 1728 erant,
1069 1649 1267 1736 negligentes
1281 1651 1415 1715 formam

283 1745 318 1806 st
331 1739 476 1805 ordinem
490 1737 640 1804 bellicam
660 1744 777 1818 tenere,
791 1738 828 1802 in
840 1758 956 1803 manus
977 1736 1181 1802 inimicorum
1191 1737 1347 1803 conclusit
1360 1757 1415 1802 eos

283 1825 455 1904 Dominus,
483 1825 753 1910 quemadmodum
788 1824 825 1890 in
853 1823 993 1910 qnodsm
1021 1823 1107 1890 bello
1136 1823 1176 1889 de
1205 1843 1269 1908 quo
1305 1829 1416 1908 postea

283 1913 417 1990 dicetur,
440 1911 500 1978 via
531 1911 571 1977 de
600 1911 805 1998 Agentonet.⁶
857 1909 1078 1976 Archebaldus
1099 1931 1175 1976 varo
1199 1910 1239 1977 de
1264 1911 1415 1996 Douglas,

280 1999 411 2084 juvenis
426 2004 460 2064 et
473 1999 556 2066 bene
577 2007 727 2077 amatus,
741 2004 855 2084 captus
869 2003 919 2063 est
932 2018 953 2063 a
966 1995 1160 2082 quibusdam
1174 2017 1249 2063 eum
1262 2017 1414 2082 magnum

283 2086 451 2152 dominum
475 2091 605 2171 propter
629 2091 823 2152 armaturam
845 2083 1055 2169 putantibus:
1081 2083 1217 2168 dequo,
1241 2083 1318 2169 quia
1342 2084 1414 2150 bas-

283 2173 395 2239 tardus
409 2178 486 2251 erat,
499 2172 661 2238 modicum
682 2179 868 2256 compotum
888 2175 1064 2237 tenuerunt
1084 2170 1181 2237 amici
1201 2171 1278 2256 ejus
1322 2171 1412 2236 Dum

284 2268 394 2326 autem
409 2260 450 2326 dc
472 2259 554 2326 sero⁶
567 2265 726 2324 venerunt
739 2258 862 2344 captivi
883 2257 925 2324 ad
945 2257 1127 2342 hospicium
1148 2257 1234 2341 apud
1248 2257 1360 2323 villam
1374 2258 1414 2323 de

283 2346 369 2432 Po[y
401 2347 470 2423 'ers,
484 2345 617 2432 quidam
638 2345 756 2412 nobilis
771 2345 873 2424 miles,
887 2343 1050 2410 dominus⁷
1064 2343 1248 2410 Willelmus
1263 2344 1303 2410 de
1317 2343 1415 2409 Ram-

284 2430 1091 2518 0...
1281 2430 1413 2582 [m]

461 2539 499 2586 us
544 2539 562 2584 e
616 2538 658 2584 ou
747 2539 790 2584 no
871 2538 1067 2584 usarmrss
1217 2538 1303 2583 :cur
1381 2539 1413 2583 a

284 2614 362 2672 runt
381 2605 527 2692 magistri
541 2541 681 2690 capturegs
695 2625 815 2683 eorum,
825 2612 841 2640 “
853 2605 944 2682 Eoos,
954 2603 1009 2670 hic
1022 2604 1066 2669 hs
1105 2625 1178 2671 mus
1191 2605 1295 2669 filium
1306 2605 1414 2690 cujus-

284 2693 360 2759 dam
372 2692 514 2778 potentis
528 2691 660 2770 domini,
670 2691 1063 2758 nobilissimearmatum.''
1094 2690 1198 2771 Quem
1206 2692 1337 2756 intuens
1347 2691 1413 2756 dic-

284 2785 339 2845 tus
349 2778 452 2858 miles,
465 2778 558 2856 dixit,
573 2779 623 2845 “O
637 2779 781 2864 proditor
793 2778 925 2856 ribaldo,
935 2798 993 2844 cur
1006 2777 1132 2843 furatum
1145 2797 1180 2844 es
1194 2799 1283 2844 arma
1292 2777 1415 2843 domini

283 2865 571 2950 tuioonsanguinei
580 2867 662 2931 mail
698 2863 1200 2950 Maledictasitillahorainqua
1210 2869 1305 2930 natus
1313 2865 1413 2930 fuisti

284 2951 371 3018 Nam
386 2957 455 3016 tota
469 2950 522 3016 die
535 2952 636 3036 quaeri
651 2957 684 3016 te
698 2952 795 3031 fecit5
811 2956 852 3028 et,
866 2971 932 3016 non
946 2950 1114 3017 inveniens
1127 2951 1163 3016 in
1177 2950 1414 3037 campo‚nudus

284 3037 458 3140 egrediens,
477 3039 652 3104 nansfixus
673 3045 723 3103 est
744 3057 764 3102 a
784 3037 903 3122 sagitto
923 3036 1071 3104 volante:
1097 3038 1183 3123 quod
1208 3038 1309 3104 oculis
1333 3038 1414 3102 meis

284 3124 377 3190 vndi”
421 3123 497 3210 Ipse
508 3125 594 3190 enim
603 3123 818 3190 Archibaldus
832 3123 922 3209 niger
935 3131 1012 3202 erat,
1024 3145 1085 3190 nec
1099 3132 1230 3209 aspsmu
1241 3125 1416 3203 lormosua3

284 3211 342 3278 sed
365 3211 467 3296 tnagis
488 3209 570 3277 toto⁸
590 3210 804 3277 similabatur⁹
824 3229 922 3294 quam
942 3210 1052 3276 nobili
1105 3210 1167 3278 cui
1191 3213 1294 3278 iratus
1313 3212 1415 3296 quasi,

284 3297 429 3364 luriose¹⁰
453 3318 488 3364 se
511 3299 634 3383 fingens
657 3304 789 3374 motum,
813 3297 970 3364 allocutus
993 3305 1044 3364 ost
1065 3297 1172 3364 donn
1186 3299 1288 3376 miles,
1302 3305 1319 3332 ‘⁴
1329 3298 1415 3364 Veni

283 3383 375 3464 huc,''
389 3383 498 3451 dicens
514 3384 715 3451 “decalciare
735 3384 825 3469 prius
847 3384 938 3450 botas
959 3405 1055 3465 meaa,
1071 3391 1104 3450 et
1124 3384 1206 3451 vade
1226 3391 1338 3470 postea
1357 3405 1417 3469 per

285 3491 434 3556 campum
448 3472 485 3538 in
499 3471 558 3536 tali
571 3471 642 3537 loco
662 3472 748 3536 inter
761 3470 891 3550 occisos,
904 3477 938 3537 et
951 3491 1058 3557 quaere
1079 3491 1193 3556 corpus
1208 3471 1331 3538 domini
1344 3471 1415 3538 tui:

284 3565 323 3624 nt
350 3578 447 3624 sacra
474 3556 589 3624 sacro¹¹
617 3558 792 3643 sepultura
820 3557 958 3624 crasdno
987 3559 1164 3643 poterimus
1193 3558 1414 3625 commendare

283 3644 392 3712 illud”
446 3645 541 3711 Alter
563 3665 649 3724 vero,
677 3645 856 3731 percipiens
879 3644 1088 3729 prudenciam
1116 3645 1239 3723 militis,
1267 3645 1416 3711 similiter

284 3731 381 3798 finxit
403 3751 438 3798 se
460 3731 725 3813 tremebundum
750 3738 784 3797 et
804 3731 963 3798 transiens
988 3731 1193 3798 ιηίιιὶεὺηὴαῦ
1216 3732 1256 3811 ei,
1276 3732 1415 3816 eripiens

283 3838 387 3885 unum
411 3839 453 3884 ex
474 3817 558 3884 botis
583 3819 674 3886 suisa
702 3837 800 3904 quam
825 3818 950 3883 concito
975 3817 1068 3884 miles
1092 3818 1129 3883 in
1153 3839 1253 3884 manu
1277 3818 1417 3904 capiens,

283 3906 422 3973 eundem
446 3904 681 3971 Archibaldum
708 3903 847 3992 graviter
871 3904 955 3971 circa
979 3904 1096 3971 buccas
1120 3905 1309 3972 verberavit
1352 3905 1417 3972 (lui

330 4151 339 4186 ¹
353 4151 381 4204 (ὲ
396 4151 425 4205 u
439 4168 509 4206 auca
546 4152 580 4204 D.
593 4151 770 4218 admcdsrom
780 4169 849 4205 snos
1024 4148 1077 4204 ²0.
1093 4151 1123 4204 R
1138 4151 1207 4204 Blak
1218 4152 1404 4207 Archilsaldus.

328 4222 381 4275 ³13.
394 4222 437 4276 nd.
1026 4219 1080 4274 ⁴0.
1094 4223 1124 4275 F..
1138 4222 1345 4290 vilipensionem.

328 4293 341 4328 ¹
353 4295 383 4345 B.
397 4295 558 4360 Aganoourt.
596 4294 624 4346 0.
638 4293 670 4345 Ε.
683 4293 855 4360 Agantconrt.
1023 4291 1077 4348 ⁰0.
1089 4295 1122 4346 D.
1135 4310 1203 4346 cem.

329 4362 340 4398 ¹
353 4363 382 4416 B.
395 4362 490 4416 dictus.
615 4361 668 4415 8Β.
682 4363 714 4415 D.
728 4379 797 4415 coco.
834 4361 862 4415 O.
877 4363 907 4415 lt.
920 4379 1012 4431 coquo.
1140 4363 1195 4417 υΒ.
1208 4363 1413 4416 assimilabatur.

317 4433 340 4469 ¹¹
352 4433 382 4487 Ε.
396 4433 473 4486 turio.
605 4433 623 4467 ¹¹
638 4449 711 4486 sacro
722 4433 897 4498 nltocdfrom
909 4450 996 4486 sacra.
1035 4434 1065 4488 B.
1078 4435 1107 4488 G.
1121 4434 1154 4488 D.
1168 4435 1198 4488 E.
1211 4437 1271 4488 omit
1283 4451 1363 4488 raom
