3284 5122
352 483 412 544 124
724 493 1104 544 urerurnuscrrorusm.

349 651 535 732 collaterali,
558 651 641 738 prim
725 651 796 730 tus,
820 652 874 718 vel
899 651 1019 737 quiex
1043 651 1253 737 primogenito
1282 671 1340 717 seu
1361 649 1479 737 primo-

347 739 457 824 genite
469 740 665 824 processerit,
690 739 831 824 praelerri
844 739 941 804 debet
954 739 990 803 in
1003 739 1201 805 successione
1215 738 1294 804 dicti
1316 737 1424 823 regni:
1445 746 1479 804 et

347 825 409 890 hoc
431 846 507 891 cusu
521 825 683 910 sequenda
696 833 746 891 est
759 825 964 904 consuetudo,
978 825 1217 910 circumscripta
1230 823 1319 890 omni
1331 825 1411 909 lege,
1424 825 1480 890 vel

347 911 412 977 ulio
421 913 494 997 jure
508 932 716 997 quocumque
759 913 831 978 Aut
844 933 909 977 non
924 920 973 978 est
985 912 1021 976 in
1030 912 1115 978 dicto
1130 932 1207 977 casu
1221 919 1307 978 certa
1317 919 1351 978 et
1364 932 1477 1037 apprc-

347 998 424 1064 bate
437 999 645 1065 consuetudo:
659 1007 693 1065 et
704 1005 782 1065 tunc
796 999 837 1065 ed
849 999 937 1084 leges
951 1019 1144 1076 communes,
1153 1019 1176 1064 s.
1185 999 1376 1083 imperiales,
1399 998 1478 1064 dicit

347 1085 448 1150 enim8
467 1086 700 1152 recurrendum
744 1086 807 1151 Per
827 1106 907 1172 quus
928 1085 1014 1170 leges
1036 1093 1159 1150 certum
1180 1092 1238 1164 est,
1259 1107 1300 1151 ex
1320 1106 1386 1169 quo
1413 1084 1478 1150 duc

347 1179 494 1256 potentes
519 1173 643 1238 dictum
670 1193 804 1258 regnum
831 1173 867 1236 in
895 1172 975 1236 linis
1003 1171 1179 1238 collaterali
1206 1171 1383 1257 attingunt
1412 1171 1478 1256 regi

347 1258 643 1338 ultim0⁶defnncto,
657 1279 716 1324 nec
731 1266 808 1325 sunt
820 1259 942 1338 domes,
952 1258 1006 1324 vel
1019 1259 1154 1324 fratrum
1164 1257 1232 1336 filii,
1241 1259 1297 1323 sed
1310 1258 1477 1323 ulteriores

346 1352 381 1411 et
394 1345 581 1411 remociores
594 1346 630 1410 in
643 1345 752 1430 gradu,
766 1345 852 1429 quod
873 1345 1080 1431 propinquior
1093 1346 1128 1409 in
1141 1345 1242 1430 gradu
1255 1345 1422 1430 praefertur
1442 1345 1478 1408 in

346 1433 555 1510 successione,
578 1432 829 1516 primogenitura
857 1454 898 1498 ex
926 1432 989 1496 alio
1014 1431 1114 1497 latere
1141 1452 1207 1496 non
1238 1433 1393 1496 obstante.
1437 1431 1478 1495 In

345 1519 459 1584 eedem
483 1519 647 1583 sentencia
667 1527 701 1583 at
724 1518 760 1581 in
785 1518 896 1584 eadem
917 1526 1033 1584 natura
1053 1519 1224 1584 sentenciae
1244 1519 1308 1583 fuit
1328 1517 1479 1603 magister

347 1605 470 1688 Symon
491 1605 632 1680 Mettius,
653 1603 820 1689 episcopus
842 1603 1061 1732 Perispiknsis,
1084 1611 1117 1671 et
1138 1605 1286 1670 dominus
1307 1604 1420 1670 Petrus
1437 1604 1478 1668 de

349 1689 489 1774 (lapella,
503 1691 669 1775 episcopus
685 1691 932 1768 (lurtosonensis,
953 1698 986 1756 et
1000 1691 1149 1756 dominus
1163 1691 1328 1758 lohannes
1336 1690 1377 1756 de
1391 1691 1478 1756 Feri-

347 1783 424 1853 tete,
439 1785 472 1841 et
485 1777 636 1861 magister
644 1777 808 1844 lohannes
822 1776 862 1842 de
877 1775 1083 1863 Sylemonte,⁷
1097 1785 1130 1844 et
1143 1777 1332 1862 praepositus
1347 1777 1477 1842 Marcil-

347 1861 477 1928 liensis:
498 1863 611 1928 dicunt
632 1863 719 1929 enim
732 1863 826 1948 quod,
840 1865 876 1929 in
890 1885 967 1929 casu
985 1864 1120 1929 istorum
1140 1866 1324 1950 petencium
1343 1885 1478 1950 regnum

349 1948 476 2026 Seociae,
505 1955 572 2014 tam
593 1949 727 2034 dejure
753 1950 870 2035 scripto
895 1950 1058 2035 quamde
1083 1951 1314 2016 consuetudine
1337 1950 1478 2036 generali

349 2035 440 2119 regni
468 2035 617 2114 Franciae,
645 2037 681 2100 in
709 2037 882 2121 majoribus
910 2044 944 2102 et
968 2037 1143 2103 minoribus
1171 2038 1324 2122 personis,
1348 2038 1478 2124 propin-

348 2120 441 2206 quior
458 2121 495 2186 in
507 2122 615 2208 gradu,
629 2121 706 2188 licet
719 2122 858 2189 secundo
871 2125 998 2209 genitus
1020 2123 1140 2203 sit,ch
1154 2145 1195 2190 ex
1216 2125 1355 2190 secundo
1369 2125 1477 2210 genito

347 2208 556 2293 processerit⁸
564 2209 729 2294 praeiertur
739 2209 1066 2296 remocioriingrcdu,
1075 2210 1153 2276 licet
1161 2211 1258 2296 priori
1268 2209 1362 2276 nstu⁰
1372 2211 1476 2290 fuerit,

347 2295 402 2360 vel
415 2316 456 2360 ex
470 2295 568 2380 priori
582 2304 662 2360 natu
674 2297 868 2381 processerit
913 2297 985 2362 Hoc
999 2297 1086 2363 enim
1098 2295 1237 2362 vctum¹⁰
1246 2296 1345 2363 habet
1358 2298 1393 2362 in
1406 2317 1477 2382 per·

348 2402 427 2447 sona
455 2383 537 2467 regia
560 2382 702 2467 Francius
730 2390 764 2448 et
788 2383 924 2448 aliorum
948 2383 1074 2468 parium
1096 2383 1184 2449 illius
1210 2383 1314 2462 eurise,
1336 2383 1397 2448 hoe
1420 2391 1478 2462 est,

348 2467 443 2552 quod,
457 2468 486 2532 si
500 2469 587 2533 filius
600 2469 831 2555 primogenitus
843 2469 961 2535 habeut
976 2468 1118 2535 liberos¹¹
1133 2471 1330 2555 superstites,
1344 2470 1478 2536 decedat

347 2554 424 2620 vivo
444 2563 536 2639 patre
557 2555 635 2640 ejus,
649 2556 853 2640 postmodum
874 2555 1008 2621 autem¹²
1021 2565 1120 2641 peter,
1141 2557 1211 2642 ipse
1229 2557 1315 2622 lilius
1337 2557 1478 2623 secundo

347 2641 476 2724 genitus
495 2641 643 2706 succedet
662 2643 755 2726 putri,
773 2641 850 2725 quia
863 2642 1070 2726 propinquior
1087 2650 1136 2708 est
1156 2644 1196 2720 ei,
1210 2643 1349 2708 &clusis
1368 2643 1477 2709 liberis

349 2725 409 2790 filii
423 2727 634 2812 primogeniti,
643 2727 700 2812 qui
713 2728 898 2793 remociores
913 2736 997 2806 sunt,
1012 2727 1088 2796 licet
1100 2729 1383 2830 primogenituram
1395 2727 1479 2815 ped'

348 2831 383 2877 ee
407 2812 554 2880 habeant
598 2815 642 2878 Et
659 2815 720 2878 hoc
740 2833 797 2898 per
810 2835 916 2899 regem
933 2815 1075 2881 Francius
1095 2815 1294 2882 Ludovrcum
1315 2817 1477 2895 ultimum,

348 2897 406 2982 qui
427 2899 462 2963 in
482 2900 627 2984 passagio
650 2907 760 2965 sancto
773 2899 835 2966 ivit
855 2901 891 2964 in
913 2900 1101 2981 Thunicum,
1118 2923 1266 2987 expresse
1287 2903 1350 2968 fuit
1372 2923 1478 2968 coram

348 3005 407 3050 suc
420 2986 570 3072 bernagio
584 2987 838 3072 pronunciatum,
846 2987 1103 3074 propterlibsrcs
1116 2989 1260 3075 Philippi
1273 2989 1334 3054 filii
1348 2990 1399 3054 sui
1410 2990 1477 3075 pri-

348 3072 509 3156 mogeniti,
530 3073 590 3140 viz.
613 3072 751 3224 qiudsi
770 3072 857 3140 idem
878 3073 1049 3160 Phiiippus
1073 3075 1260 3142 decessisset
1283 3076 1359 3141 vivo
1386 3083 1478 3161 patre

348 3179 407 3223 suo
432 3159 601 3238 Ludovico,
648 3160 716 3225 beri
743 3159 886 3244 ejusdem
908 3159 1054 3246 Philippi
1077 3182 1143 3227 non
1164 3163 1390 3228 successissent
1410 3163 1477 3248 regi

348 3244 511 3311 Ludovicc
535 3246 571 3310 in
593 3267 735 3332 regnum,
760 3247 914 3331 quamdiu
937 3255 1139 3332 superessent
1163 3247 1220 3314 ulii
1244 3249 1305 3313 filii
1332 3248 1477 3334 ejusdem

347 3331 510 3398 ludovici.
557 3333 682 3399 Dicunt
705 3340 813 3398 tamen
835 3333 892 3399 isti
912 3335 1008 3418 quod,
1029 3335 1058 3399 si
1079 3334 1114 3399 in
1135 3355 1232 3420 regno
1254 3335 1372 3401 Sceciae
1393 3343 1478 3403 esset

348 3419 544 3485 consuetudo
554 3419 640 3504 quod
654 3419 904 3505 primogenitura
916 3421 952 3485 in
965 3440 1167 3506 quocumque
1181 3421 1280 3507 gradu
1295 3422 1384 3488 daret
1397 3443 1476 3508 pm-

345 3506 522 3589 rogetivsm
535 3505 571 3570 in
584 3507 791 3584 successione,
804 3507 862 3572 illa
879 3508 1075 3574 consuetudo
1096 3516 1172 3573 ente
1192 3508 1300 3573 omnia
1312 3508 1377 3575 alia
1394 3509 1476 3594 jure,

347 3591 417 3657 sive
431 3591 550 3678 scripte
563 3593 631 3658 sive
645 3593 930 3672 consuetudinaria,
944 3602 1029 3660 esset
1042 3593 1221 3679 specialiter
1234 3595 1397 3660 servanda.

394 3775 405 3812 ι
567 3779 573 3792 .

344 3860 349 3914 p
393 3846 405 3880 ²
416 3779 667 3916 duffidderad
678 3851 706 3903 is
716 3867 787 3903 som
797 3849 869 3902 sane
880 3853 905 3901 te
925 3847 1081 3917 imperiales.
1120 3851 1151 3903 D.
1164 3849 1322 3934 imperialia·

345 3918 447 4040 lli·
461 3921 670 4043 idum.
766 3918 821 4042 il.
834 3924 1040 4056 tessun.
1158 3917 1213 4044 53:
1226 3921 1373 4058 iffi

394 4057 447 4112 ”a
461 4061 533 4126 prior
543 4065 617 4115 natu.
653 4060 682 4116 G.
695 4061 725 4115 Ε.
738 4058 811 4129 prior
821 4065 891 4112 nata.
1149 4059 1171 4096 ¹⁰
1182 4063 1210 4114 0.
1224 4061 1253 4114 E
1266 4065 1362 4116 totum.

381 4129 561 4185 ¹¹0.liberas.
748 4129 1053 4185 ”cumesses-u
1145 4129 1320 4200 ”sums
1356 4133 1462 4202 Eprsc.
