3286 5112
689 483 786 531 usur
799 480 919 531 NONUS.
1304 474 1366 532 235

236 639 399 725 Angliam,
412 639 506 706 ambo
520 638 663 706 coronati
683 643 760 705 sunt
774 637 961 704 londensis.
1019 639 1090 704 Rex
1103 659 1179 705 vero
1201 639 1367 720 liebertus,

237 727 462 794 couvalescens
487 725 528 793 de
552 726 662 792 disin
686 727 781 804 diem,
805 725 1002 792 incessanter
1026 729 1131 791 castra
1155 746 1193 792 ac
1216 727 1368 793 fortilicia

237 813 419 879 obsedendo
432 814 600 891 destruxit,
615 819 648 879 et
669 814 710 878 od
730 819 849 878 terram
869 832 971 897 usque
992 812 1033 876 od
1053 832 1222 878 numerum
1237 823 1366 880 centum

237 900 341 964 xxxvi
355 901 543 979 demollivit,
557 901 593 965 in
607 900 752 985 spacium
762 920 819 965 sex
830 919 994 976 annorum,
1003 899 1122 984 scripta
1132 905 1165 964 et
1175 906 1367 986 computate.

237 987 280 1051 In
292 1006 358 1072 quo
378 993 520 1071 tempore
533 989 557 1054 J
558 987 699 1052 ohannes
722 987 851 1071 Cumyn
872 993 905 1051 et
918 985 1112 1064 willelmus,
1126 1007 1201 1051 cum
1219 987 1368 1053 Johanno

237 1073 278 1138 de
291 1073 467 1160 Mowbray‚
482 1075 625 1140 exercitu
645 1093 761 1159 magno
776 1077 1092 1158 congregatorem
1106 1073 1282 1138 Robertum
1295 1095 1367 1160 per-

236 1165 392 1244 sequutor
411 1161 570 1246 usquead
592 1159 790 1244 Inverrugy,1
804 1161 863 1225 ubi
882 1159 968 1225 bello
989 1179 1024 1224 se
1045 1165 1250 1244 exponentes,
1262 1162 1367 1227 multo

237 1246 384 1312 forciores
399 1254 490 1312 erant
504 1247 589 1312 dicto
603 1267 685 1332 rege,
699 1247 756 1332 qui
771 1246 812 1311 sd
825 1246 889 1311 huc
903 1247 997 1330 qussi
1009 1247 1045 1311 in
1059 1246 1173 1312 feretro
1187 1248 1223 1312 in
1236 1249 1366 1331 grabato

236 1335 423 1416 portabatur
436 1335 553 1400 cotidie
568 1335 703 1418 equino:
724 1333 809 1418 quia,
823 1332 901 1398 licet
914 1335 950 1397 in
964 1352 1046 1417 equo
1060 1333 1147 1398 solus
1161 1353 1219 1418 per
1233 1353 1267 1399 se
1281 1336 1368 1400 ince-

236 1420 310 1486 dere
328 1440 395 1486 non
408 1422 524 1506 potuit,
538 1427 656 1499 temen,
669 1427 708 1486 ut
721 1419 879 1504 populum
900 1439 995 1484 suum
1016 1420 1180 1498 animaret,
1201 1441 1221 1485 a
1242 1421 1367 1486 duobus

236 1506 420 1572 hominibus
435 1507 627 1573 manualiter
641 1527 737 1591 super
750 1527 871 1591 equum
892 1505 1029 1571 eundem
1049 1507 1176 1591 proprio
1190 1513 1282 1572 motu
1296 1529 1367 1574 sus-

235 1593 338 1660 tinere
360 1594 446 1670 iecit,
469 1594 511 1659 sd
533 1593 640 1658 locum
662 1599 773 1659 tamen
798 1592 989 1670 certaminis,
1013 1598 1052 1656 ut
1076 1593 1247 1672 videretur,
1269 1595 1366 1660 feroci

236 1681 333 1745 vultu
346 1680 504 1765 perr-exim
524 1701 719 1765 quamquam
733 1700 799 1745 non
813 1679 883 1745 sins
897 1679 1080 1745 discrimine
1094 1681 1248 1765 corporali
1262 1702 1367 1747 assur·

236 1768 330 1844 rexit,
344 1773 378 1832 ct
391 1787 465 1832 suos
480 1772 518 1831 ut
538 1787 572 1832 se
593 1773 762 1844 armarent,
776 1787 813 1832 sc
828 1786 910 1850 equo
924 1773 963 1831 ut
976 1786 1050 1831 eum
1071 1767 1291 1851 apponerent,l
1305 1769 1366 1834 im·

236 1854 368 1938 potavit
414 1853 507 1932 Quod
522 1874 595 1919 cum
609 1853 731 1920 iactum
745 1858 837 1931 esset,
852 1857 884 1917 et
928 1873 978 1917 ars
1000 1852 1131 1918 adversa
1144 1873 1220 1918 eum
1233 1856 1368 1921 vidisset

237 1940 446 2023 personaliter
467 1940 506 2004 nd
528 1940 613 2006 balla
634 1946 790 2024 paratum,
812 1960 853 2004 ex
874 1959 909 2004 so
962 1940 1033 2022 ejus
1055 1939 1178 2006 visione
1199 1942 1367 2026 perterriti,

236 2046 347 2091 ornnes
362 2028 398 2091 in
411 2026 522 2112 fugam
542 2027 687 2092 conversi
708 2033 794 2104 sunt,
808 2031 840 2091 st
854 2046 957 2110 usque
974 2024 1061 2108 apud
1075 2025 1157 2090 Fiie³
1171 2026 1367 2094 incessanter

237 2113 339 2196 fugati
361 2119 446 2190 sunt,
460 2134 517 2198 per
531 2114 579 2178 xii
600 2113 665 2178 fere
685 2113 801 2178 leucas.
845 2112 920 2196 Ipse
941 2132 1025 2188 vero,
1048 2111 1140 2177 finita
1161 2113 1245 2196 fuga,
1259 2119 1366 2180 toturn

237 2200 426 2264 comitatum
440 2199 480 2264 de
494 2199 678 2265 Bouchania
692 2199 766 2284 igne
776 2197 984 2282 consumpsit,
996 2203 1037 2276 at,
1047 2199 1150 2283 captis
1165 2199 1367 2282 quibusdam,

236 2284 309 2350 aliis
323 2285 365 2350 ad
378 2305 490 2369 pacem
504 2287 649 2369 receptis,
662 2305 744 2370 quos
758 2285 863 2350 voluit
883 2284 1018 2350 necavit.
1061 2285 1105 2349 Et
1126 2286 1304 2351 notandum
1317 2293 1367 2352 est

236 2372 331 2455 quod,
346 2372 439 2449 sicut,
453 2393 473 2436 a
485 2378 628 2457 ternpore
649 2391 790 2437 recessus
811 2372 881 2456 ejus
896 2391 937 2436 ex
950 2371 1071 2455 Anglia
1082 2391 1186 2455 usque
1199 2371 1241 2437 sd
1262 2375 1367 2458 capci-

237 2479 332 2524 onem
346 2459 443 2523 castri
457 2459 497 2524 de
512 2458 634 2536 Camil,
648 2459 865 2523 infortunatus
879 2457 1016 2522 nimium
1031 2463 1106 2536 erat,
1121 2459 1176 2536 sic,
1190 2478 1210 2523 a
1224 2464 1366 2545 tempore

236 2545 331 2610 istius
342 2546 425 2630 irgae
436 2545 475 2610 de
487 2546 677 2631 Invarrugy⁴
687 2565 789 2629 usque
799 2545 841 2609 cd
855 2545 952 2610 finem
961 2544 1046 2623 vitos,
1057 2546 1252 2610 fortunacior
1261 2567 1299 2612 eo
1310 2548 1367 2612 vix

236 2631 376 2696 inveniri
395 2637 529 2716 poterat.
572 2633 659 2697 Nam
680 2633 716 2696 in
737 2630 826 2697 omni
845 2631 1055 2715 prosperitate
1077 2632 1227 2717 deinceps
1255 2641 1367 2718 postea

236 2718 409 2795 convaluit,
431 2724 465 2784 et
484 2719 610 2784 inimici
631 2720 700 2803 ejus
721 2717 875 2784 diminuti
900 2724 985 2797 sunt,
1008 2718 1192 2784 deficienws
1214 2721 1366 2804 quemod-

235 2805 368 2870 modum
390 2805 498 2870 fumus
521 2804 692 2871 deficient.⁶
733 2805 857 2870 Eodem
878 2825 962 2870 anno
983 2805 1153 2871 Donaldus
1175 2806 1214 2870 de
1236 2807 1366 2885 Imrdis,

235 2912 310 2956 cum
321 2911 436 2975 magna
446 2892 656 2957 multitudine
665 2897 733 2957 tam
744 2891 964 2956 insulanorum
975 2913 1073 2976 quam
1082 2891 1369 2958 Gulcwidencium⁸

236 2999 273 3043 ac
287 2979 475 3063 Anglorum,
489 2998 592 3062 usquo
613 2979 700 3064 apud
719 2978 841 3044 fiumen
862 2977 902 3042 de
920 2978 990 3044 Dee
1011 2999 1145 3064 pergens
1160 2999 1234 3044 cum
1247 2999 1367 3064 pompa

235 3066 386 3142 maxima,
399 3073 519 3149 putens
533 3086 661 3130 omnem
674 3065 854 3150 potenciam
870 3065 952 3150 regis
967 3083 1124 3150 superare,
1134 3065 1180 3130 et⁷
1193 3085 1251 3150 par
1265 3066 1366 3131 domi-

236 3171 315 3216 num
337 3151 530 3217 Edwardum
552 3153 592 3217 ds
614 3153 724 3236 Broys,
739 3151 869 3216 fratrem
890 3151 982 3236 regis,
996 3151 1117 3218 ibidem
1138 3151 1286 3217 devictus
1300 3159 1367 3218 est:

237 3244 271 3300 et
284 3238 380 3302 multi
394 3239 491 3305 occisi
506 3244 590 3316 sunt,
600 3245 632 3303 et
645 3237 762 3323 reliqui
775 3237 811 3302 in
820 3239 930 3322 iugem
941 3237 1093 3303 conversi.
1138 3238 1180 3302 In
1191 3238 1277 3303 dicto
1291 3260 1367 3304 vero

235 3323 321 3387 bello
343 3325 459 3391 cecidit
480 3325 638 3410 [quidum]
661 3324 884 3390 Rotholandus
906 3324 946 3389 de
965 3324 1145 3402 Galwidia,⁸
1158 3345 1233 3390 cum
1254 3327 1367 3392 multis

236 3408 326 3474 illius
348 3411 459 3493 patria
481 3411 653 3489 nobilibus,
674 3431 711 3476 ac
733 3412 912 3496 Anglorum
933 3415 965 3475 et
991 3411 1176 3476 Insularum
1197 3411 1233 3476 in
1251 3432 1368 3497 magna

236 3495 1368 3667 sustinuissemus

236 3669 449 3735 comburendo
474 3670 641 3735 destruxit.
683 3669 814 3734 Accidit
828 3675 936 3734 sutem
957 3669 993 3733 in
1012 3670 1094 3736 festo
1108 3671 1272 3736 beatonrm
1291 3692 1367 3756 apo-

236 3755 391 3821 stolorum
412 3757 500 3821 Petri
522 3763 556 3822 et
581 3755 675 3821 Pauli
697 3756 809 3821 eodem
831 3775 925 3833 anno,
949 3755 1034 3822 inim
1056 3764 1184 3822 octavas
1209 3758 1365 3842 Assump-

235 3841 363 3908 cionis¹⁰
372 3843 480 3908 Beata
493 3843 647 3928 Virginis,
661 3843 747 3907 idem
762 3861 819 3907 rex
831 3840 1064 3927 Argadisnsisu
1078 3843 1206 3921 devicit,
1218 3849 1250 3908 et
1264 3850 1366 3910 totam

233 3935 352 3995 terram
367 3929 429 3995 sibi
443 3930 587 4014 subegit;
608 3929 784 4014 ducemque
798 3947 917 4008 eorum,
930 3928 1148 3995 Alexandrum
1165 3929 1204 3995 ds
1217 3931 1368 4016 Argadia,

282 4106 293 4142 ¹
307 4108 335 4161 G.
349 4107 380 4160 u.
394 4106 550 4172 luneroury.
587 4106 620 4159 D.
635 4105 776 4174 lunarugy.
981 4102 1033 4158 ¹0.
1049 4107 1081 4159 Ε.
1095 4113 1237 4174 apponent

284 4177 336 4230 ⁸0.
349 4179 381 4230 E.
394 4193 479 4244 usquc
489 4177 524 4229 sd
535 4177 616 4244 Fyvs.
652 4177 685 4228 D.
699 4177 779 4244 was
791 4175 888 4228 ouerd
900 4176 1044 4240 masrom
1055 4177 1120 4229 Piis.

283 4245 335 4301 ⁴0.
351 4249 382 4300 ll.
397 4247 569 4300 dennerours.
606 4248 639 4300 D.
653 4247 687 4300 ds
699 4247 871 4315 Innerrom.
978 4243 1031 4298 ιΒ,
1046 4247 1074 4298 0.
1086 4247 1118 4300 D.
1131 4247 1161 4299 E.
1175 4246 1286 4300 deficiet.

284 4317 336 4372 ο0.
351 4319 383 4373 Ε.
399 4317 660 4371 Galouwidisnoium.
977 4312 1030 4369 70.
1043 4317 1192 4368 Ronrdet.

282 4385 293 4422 ⁸
306 4390 333 4442 0.
347 4390 378 4441 lt
389 4389 571 4442 Galouwedia
606 4389 640 4440 D.
652 4385 829 4440 Galouwiden
980 4383 1033 4439 ⁰0.
1046 4387 1076 4439 Ε.
1089 4386 1321 4455 comprehendens

273 4457 295 4494 ¹⁰
307 4460 505 4528 Assumpcionir
517 4463 544 4512 δη
555 4460 657 4524 morcio
670 4458 741 4512 lotor.
946 4524 950 4533 Ι
971 4455 991 4491 ²¹
1005 4458 1034 4508 B.
1048 4459 1069 4510 0
1081 4457 1114 4510 D.
1127 4457 1157 4510 u
1172 4459 1355 4528 Argadiensss.
