3286 5112
291 486 354 547 304
665 496 761 547 LIBER
776 495 1046 547 PLUSOARDBNSIS.

289 656 391 722 Dedit
411 655 513 722 eciam
528 655 559 722 ei
580 656 734 722 ducatum
748 653 935 741 Aquitaniae
949 659 982 721 et
1002 653 1157 722 ducatum
1171 653 1212 722 de
1226 655 1336 742 Bcrry,
1349 677 1423 723 cum

289 744 378 808 villis
399 743 440 808 de
462 742 562 810 Oslis¹
583 750 616 809 et
638 741 677 808 ds
700 743 813 828 (tynis,
834 763 910 808 oum
932 743 1045 808 multis
1070 743 1143 809 aliis
1164 744 1259 810 terris
1281 743 1335 811 hic
1358 765 1424 810 non

289 830 435 915 scriptis;
456 838 490 896 et
504 851 578 897 cum
588 830 650 895 hoo
664 830 839 894 maximam
853 831 923 894 auri
934 830 1170 908 summamvia.
1181 836 1246 896 tres
1261 829 1423 896 milliones

289 917 697 1070 lassaturus
714 917 968 1069 ,limitat
980 918 1242 1070 susurru
1256 918 1423 1070 Ὓθὲῖξὲ

289 1090 481 1169 vendicavit,
492 1024 591 1175 etqpro
605 1024 675 1175 qula?
683 1023 1186 1175 guenamnbmmovrsgllraedrcso
1200 1025 1422 1176 regrpellraboiss

289 1177 444 1257 absolute,
458 1179 567 1262 quiete
580 1182 614 1244 ct
627 1177 726 1242 libers
747 1176 986 1262 imperpetuum
999 1197 1057 1261 pro
1071 1197 1106 1242 se
1120 1183 1153 1242 et
1167 1176 1337 1243 heredibus
1354 1179 1422 1244 suis

289 1265 470 1349 resignavit,
492 1263 624 1350 reliquit
645 1270 679 1329 et
699 1262 960 1329 abrenunciavit:
981 1283 1019 1328 sc
1038 1263 1140 1329 eciam
1159 1265 1256 1329 armis
1271 1265 1422 1341 Francis,

289 1371 362 1435 qnae
383 1350 463 1416 alias
479 1357 604 1436 portura
625 1351 801 1428 consuevit,
815 1355 849 1414 et
861 1350 982 1415 virtute
1003 1370 1139 1434 qusrum
1160 1370 1266 1436 regem
1280 1351 1422 1416 huda

288 1437 431 1522 seipsum
458 1436 643 1522 appellavit,
668 1435 926 1502 abrenuntiando
955 1441 988 1502 at
1010 1435 1192 1522 quietando,
1213 1437 1300 1523 quod
1321 1457 1422 1503 nunc·

289 1545 387 1609 quarn
408 1523 466 1589 illa
487 1544 576 1589 arms
596 1527 737 1608 portaret
757 1523 994 1608 imperpetuum
1015 1522 1154 1625 amplius
1168 1544 1226 1608 pro
1247 1543 1282 1589 se
1296 1531 1329 1590 et
1350 1545 1422 1590 suc-

289 1611 466 1678 cessoribus
487 1610 555 1676 suis
580 1609 762 1694 juramento
786 1630 903 1695 magno
928 1609 1107 1676 affirmsvrt.
1151 1610 1226 1676 Hiis
1251 1610 1351 1696 igitur
1374 1611 1420 1677 sic

288 1697 526 1782 appunotnstis,
540 1701 573 1762 et
587 1696 751 1762 obsidibus
764 1696 801 1760 in
814 1696 968 1782 Anglism
989 1697 1194 1774 transmissis,
1207 1717 1265 1764 rex
1279 1699 1420 1764 Frandae

288 1785 325 1849 in
353 1804 412 1850 suo
436 1783 647 1869 parliamento
669 1782 706 1848 in
727 1783 808 1848 villa
830 1783 1003 1849 Parisionsi
1026 1784 1165 1868 paribus,
1189 1783 1361 1850 baronibus
1387 1789 1421 1850 et

288 1871 472 1955 proceribus
495 1870 545 1935 sni
574 1869 664 1955 regni
685 1869 936 1936 lamentabiliter
963 1869 1121 1936 allocutus
1150 1875 1206 1949 est,
1231 1872 1277 1936 im
1300 1871 1420 1936 utsndo

288 1958 451 2023 defectum
470 1957 640 2022 infortunii
659 1957 711 2022 sui
732 1956 930 2042 principibus
952 1957 1051 2042 regni,
1065 1957 1245 2042 quaerendo,
1259 1965 1276 1992 “
1339 1959 1420 2024 isat

288 2043 496 2123 Rotolandus,
519 2043 676 2122 Oliverus,
697 2049 730 2109 et
752 2043 849 2109 ceteri
871 2064 1014 2129 proceres
1037 2050 1070 2109 et
1091 2044 1207 2110 athlcti
1230 2043 1354 2110 nobiles
1379 2045 1419 2110 ds

287 2132 485 2216 temporibus
505 2131 675 2196 transactis
687 2130 722 2197 ν’
766 2129 829 2197 (lui
849 2130 1043 2216 respondens
1065 2130 1198 2215 quidam
1217 2131 1358 2217 prudens
1379 2131 1420 2196 de

287 2219 498 2303 parliamento
512 2217 605 2283 miles
619 2216 643 2283 :¹
664 2217 720 2283 “O
734 2237 791 2282 rex
804 2216 916 2283 inclite
930 2221 964 2284 et
977 2218 1125 2303 princeps
1139 2218 1364 2296 illustrissime,
1377 2239 1419 2283 ne

287 2305 427 2390 imputes
438 2325 568 2370 causam
582 2303 752 2369 infortunii
765 2303 816 2369 tui
829 2303 1102 2370 commilitonibus
1115 2305 1199 2386 tuis;
1220 2304 1277 2370 scd
1287 2305 1419 2370 ostende

286 2393 381 2458 nobis
395 2391 554 2458 Karolum
575 2411 728 2476 magnum
748 2411 862 2476 rogem
883 2397 918 2456 et
938 2411 997 2456 nos
1015 2391 1078 2456 tibi
1097 2391 1290 2476 reperiemus
1309 2411 1419 2457 omncs
1489 2403 1492 2408 '

287 2478 455 2544 duodecim
477 2480 546 2563 ejus
567 2497 668 2562 pares,
682 2485 715 2544 et
728 2476 793 2543 hiis
813 2477 917 2543 molto
938 2475 1112 2544 meliores.’'
1154 2478 1198 2543 Et
1218 2498 1293 2544 cum
1310 2479 1351 2544 ab
1372 2479 1418 2544 eis

286 2565 433 2650 persecu
446 2565 642 2651 adjutorium
659 2569 692 2630 et
706 2564 886 2630 subsidium
905 2583 973 2630 suae
993 2563 1234 2650 redempcionis,
1246 2564 1419 2631 noluerunt

286 2659 418 2737 pactum
431 2651 663 2737 redempcionis
677 2671 744 2717 suae
752 2651 964 2737 approbantes
978 2651 1184 2733 oonfirmsrc3
1202 2651 1259 2718 sed
1274 2657 1417 2717 contruc-

285 2744 358 2804 tum
366 2737 576 2823 praelocutum
584 2758 625 2804 ex
635 2743 704 2805 toto
714 2738 876 2804 imitentes
886 2737 1097 2816 rctractatur,⁴
1106 2744 1140 2803 et
1147 2759 1204 2803 rex
1218 2738 1254 2803 in
1264 2738 1417 2825 Anglisrrr

285 2825 469 2904 remittitur,
483 2825 541 2891 ubi
555 2845 659 2910 usqua
679 2825 721 2890 ad
734 2831 870 2890 mortem
890 2824 1063 2890 remansit:
1084 2829 1118 2890 et
1131 2824 1179 2890 sic
1195 2829 1302 2890 totum
1322 2843 1418 2910 nego·

201 2931 268 2982 ¹³⁰¹·
285 2911 974 3063 litsffilslutlfflsdsttts
984 2909 1419 3082 tlssrlttstldit’

285 3083 403 3162 salitas,
417 3089 452 3150 et
464 3084 741 3186 regnabatuusque·
753 3084 795 3149 ad
808 3083 928 3185 festum
942 3049 1070 3150 thalis
1083 3085 1217 3186 llomini
1234 3085 1418 3187 immediata

284 3170 1417 3342 rffiuursssru

284 3351 415 3430 propter
434 3346 583 3411 timonem
603 3344 692 3409 illius
713 3342 927 3422 mortalitatis,
940 3344 977 3409 in
997 3343 1144 3430 partibus
1166 3343 1418 3430 aquilonaribus⁸

285 3431 375 3518 regni
388 3433 542 3497 remansit
549 3451 652 3517 usqne
663 3429 703 3496 ad
719 3430 816 3496 linem
830 3430 982 3515 ejusdem,
993 3437 1027 3496 et
1040 3432 1127 3518 apud
1141 3431 1286 3517 Kynloss
1299 3432 1333 3497 N
1333 3431 1417 3497 atala

284 3519 405 3584 festum
425 3517 616 3584 celebravit:
637 3517 704 3596 ubi,
725 3537 782 3602 per
802 3517 964 3602 quandam
987 3516 1178 3584 discordiam
1202 3518 1417 3604 interipsum

285 3612 319 3671 et
340 3605 496 3670 Thomam
516 3606 666 3671 comitem
680 3605 721 3670 de
739 3605 821 3682 Mar,
835 3609 977 3670 castrum
997 3603 1037 3670 de
1052 3604 1247 3690 Kyldromy⁰
1261 3606 1296 3670 in
1317 3625 1417 3671 manu

284 3713 352 3771 sus,
366 3692 474 3777 ipsum
487 3692 638 3758 comitem
656 3692 697 3757 de
718 3711 815 3778 regno
828 3690 1061 3776 proscribendo,
1075 3693 1224 3776 suscepit,
1238 3699 1360 3758 etcum
1381 3693 1417 3756 in

283 3779 437 3866 Angliam
457 3778 610 3845 exulavit
654 3777 745 3844 Inter
758 3798 838 3863 quos
858 3784 971 3862 postea
984 3777 1152 3844 concordia
1165 3780 1259 3856 sacta,
1274 3779 1417 3845 cunctam

285 3866 348 3932 sibi
361 3865 512 3932 restitui¹¹
523 3865 691 3931 ordinavit
734 3865 857 3930 Eodem
865 3863 967 3930 eciam
981 3883 1067 3930 anno
1079 3869 1225 3930 mortuus
1240 3869 1290 3932 ost
1304 3865 1340 3930 in
1350 3885 1418 3930 car-

284 3953 410 4019 ceribus
423 3951 562 4019 Thomas
575 3949 906 4036 Thomas¹²Angusioe,
917 3970 983 4015 non
997 3950 1102 4017 solum
1111 3957 1241 4038 propter
1254 3953 1323 4037 ejus
1337 3951 1418 4018 lavi-

283 4044 393 4120 tatem,
416 4040 493 4124 quia
513 4039 683 4106 consilium
700 4039 859 4123 juvenum
880 4038 1292 4123 consequebatur,-ymmo
1314 4039 1417 4104 eciam

331 4201 523 4256 ¹C.R0ales.
1075 4199 1329 4268 'sumamma
1340 4198 1414 4257 luter.

330 4271 342 4306 ³
353 4273 382 4326 0.
395 4273 426 4327 Ε.
438 4274 569 4342 peciissst.
682 4271 694 4306 ⁴
706 4272 735 4327 0.
750 4271 779 4326 ll
793 4275 978 4326 retractarunt.
1075 4269 1129 4326 ὖΒ.
1141 4273 1170 4326 in
1181 4272 1324 4325 deiectum.

329 4341 381 4396 ⁶0.
395 4343 552 4412 Rpmpter.
1077 4340 1173 4397 ὈΕ
1187 4346 1330 4397 cuarvens

329 4410 382 4466 ⁸0.
398 4414 430 4466 D.
445 4413 475 4468 li.
488 4413 689 4482 aquilonalibus.
1076 4411 1129 4468 ⁹0.
1142 4413 1172 4467 Ε.
1185 4413 1336 4480 Kildrunry.

320 4480 343 4516 ²⁰
352 4484 380 4536 0.
393 4486 489 4538 cundi.
672 4484 690 4519 ¹¹
704 4485 733 4539 0.
747 4483 778 4538 a
791 4485 847 4537 odd
858 4483 916 4538 sibi.
1068 4482 1090 4519 ¹¹
1102 4485 1132 4538 G.
1145 4484 1177 4536 l).
1191 4485 1221 4536 Ε.
1234 4499 1333 4548 comes,
