3286 5112
625 499 721 549 blesa
735 498 888 548 nmmos,
1259 487 1322 550 315

189 656 435 724 communitates
460 657 620 724 dictorum
644 677 821 743 regnorum,
850 657 983 733 firmata
1012 661 1090 722 sunt
1118 664 1152 722 et
1180 677 1323 735 annexae,

189 744 334 810 volentes
355 745 455 830 igitur
467 764 634 830 sumopere
655 744 755 829 ipsas¹
770 741 898 810 easdem
919 741 1094 810 amicicias²
1107 749 1143 810 et
1162 743 1323 810 confiede-

189 831 331 897 raciones
352 833 508 913 renovari,
522 831 634 909 teneri,
648 832 777 908 servari,
790 829 993 908 continuari,⁸
1007 831 1141 896 firmiter
1154 836 1188 897 et
1205 831 1323 896 amica-

190 916 299 982 biliter
324 919 525 998 consolidari,
549 938 624 983 curn
649 918 825 985 venerabili
849 917 885 982 in
910 917 1040 984 (lhristo
1065 919 1150 1003 patri
1175 919 1323 1004 episcopo

190 1003 390 1084 Glascuensi,
410 1006 513 1071 emico
537 1004 670 1090 speciali
690 1011 809 1084 nostro,
831 1025 869 1070 ac
892 1003 1089 1070 Archibaldo
1114 1002 1154 1070 de
1178 1003 1323 1088 Douglas

189 1089 311 1171 militi,‘
324 1091 403 1158 dicti
418 1093 501 1179 regis
515 1092 635 1158 Scocira
649 1091 892 1176 consanguineo,
902 1091 1054 1178 magistro
1067 1091 1176 1157 Adam
1183 1091 1224 1158 de
1238 1090 1324 1174 Tyn·

188 1177 379 1262 nyngbarne,
394 1176 514 1248 decano
535 1177 678 1244 ecclesia
691 1178 733 1246 de
746 1176 912 1256 Abirden,⁶
925 1178 1183 1264 procuratoribus
1205 1177 1246 1244 ad
1260 1178 1322 1243 boc

188 1264 369 1350 specialiter
383 1265 546 1350 deputatis
560 1283 598 1331 ac
611 1262 740 1330 nunciis
762 1264 864 1330 nostri
883 1263 964 1330 dicti
989 1265 1146 1330 carissimi
1159 1265 1267 1330 botris
1288 1268 1322 1328 et

188 1350 396 1418 confoederati
424 1372 461 1417 ac
490 1351 719 1437 consanguinei
746 1350 866 1430 dilecti,
894 1351 1061 1418 Scotorum
1096 1351 1179 1436 regis
1206 1350 1324 1429 incliti,

188 1437 322 1522 ejusque
335 1439 371 1504 in
386 1437 447 1504 hoc
460 1438 655 1505 habentibus
669 1437 873 1504 autoritatem
888 1443 921 1503 et
934 1437 1123 1504 mandatum
1133 1437 1270 1524 speciale
1285 1457 1322 1502 ac

186 1528 390 1606 potestatem,
403 1529 500 1609 prout
513 1525 551 1589 in
564 1525 666 1590 forma
678 1544 752 1610 quae
766 1523 912 1610 coquitur
932 1526 1133 1590 continetur:
1154 1525 1321 1602 Robsrtus,

186 1609 251 1674 Dei
264 1612 371 1696 gracia
383 1631 441 1676 rex
455 1611 632 1689 Scotorum,
641 1611 801 1677 universis
811 1618 925 1677 notum
935 1611 1071 1677 facimus
1081 1631 1139 1697 per
1148 1615 1321 1695 praesentes

186 1697 283 1781 quod,
297 1697 385 1764 cum⁶
394 1698 542 1782 quedam
555 1697 709 1764 amicicia
722 1697 768 1764 et'
781 1697 1067 1764 eonioedereciones
1082 1719 1102 1764 a
1115 1699 1209 1784 longe
1223 1704 1321 1764 retro-

187 1782 268 1849 actis
281 1783 480 1868 temporibus
497 1785 584 1850 iuter
607 1805 666 1850 nos
691 1789 725 1850 et
745 1783 905 1851 illustrem
926 1786 1113 1870 principem,
1126 1785 1321 1852 Francorum

187 1887 302 1954 regem,
322 1890 459 1938 annexae
482 1871 602 1936 hobitae
626 1876 718 1937 erant
746 1876 780 1938 at
803 1870 942 1938 fideliter
968 1873 1152 1951 observatae,
1174 1892 1211 1939 ac
1236 1873 1322 1938 inter

186 1975 288 2021 evum
309 1963 455 2026 nostrum
479 1966 514 2023 et
538 1977 636 2024 arum
664 1957 745 2024 dicti
769 1956 862 2042 regis,
885 1977 1081 2043 regnumque
1106 1963 1140 2024 et
1164 1958 1321 2044 populum

187 2042 373 2109 eorundem⁸
387 2063 563 2128 regnorum,
578 2049 611 2110 et
632 2045 668 2110 in
688 2045 835 2110 futurum
855 2044 1084 2110 inviolabiliter
1105 2045 1265 2110 observari
1287 2049 1321 2108 et

187 2129 367 2196 continuari
380 2131 529 2198 volumus
550 2131 747 2215 temporibus
767 2129 907 2209 futuris,⁹
920 2131 1005 2196 sicut
1025 2131 1194 2215 praeteritie
1214 2130 1321 2196 obser·

186 2219 271 2281 ratae
285 2216 417 2282 iuenmt
430 2223 464 2282 et
477 2216 691 2284 continuata:
711 2224 906 2302 quapropter
919 2217 1033 2282 damus
1047 2217 1106 2283 et²⁰
1116 2217 1320 2283 concedimus

189 2308 231 2367 et·
245 2321 302 2386 per
315 2310 488 2387 presentes
509 2303 693 2370 ordinamus
708 2303 842 2370 dilectos
862 2309 987 2369 nostros
1009 2310 1069 2381 etc,
1083 2309 1208 2369 nostros
1221 2323 1322 2380 veros,

185 2387 347 2474 legitimos
356 2395 582 2474 procuratores,
593 2397 723 2467 actores,
734 2391 878 2467 factores,
887 2395 920 2456 et
930 2389 1186 2476 negoc[i]orum¹¹
1197 2396 1321 2454 nostro·

185 2495 258 2540 rum
278 2476 467 2561 gestorum¹²
487 2477 730 2542 ambassiatores
751 2482 787 2542 et
807 2477 943 2543 nuncios
968 2476 1130 2562 spccinles,
1149 2475 1191 2542 ad
1213 2477 1321 2542 omnia

185 2561 369 2646 supradicta
388 2563 619 2649 perimplenda,
639 2563 814 2642 tracmda,
835 2583 908 2647 quae
927 2563 964 2629 in
985 2562 1167 2648 supradicto
1189 2563 1320 2648 negocio

185 2648 333 2714 facienda
360 2657 446 2730 sunt,
474 2650 640 2719 tractanda
668 2659 702 2717 et
728 2650 967 2735 perimplenda3
987 2650 1123 2716 eisdem
1151 2649 1320 2714 tribuendo

185 2741 327 2802 nostram
341 2743 532 2821 potestatem
545 2738 688 2815 liberam,
698 2735 829 2822 planem
839 2743 873 2802 et
885 2735 1074 2823 generalem,
1084 2755 1122 2801 ac
1132 2735 1321 2801 mandatnm

185 2823 323 2906 speciale
348 2843 407 2908 pro
432 2825 532 2902 nobis,
558 2824 709 2909 praelatis,
730 2822 914 2908 proceribus
939 2820 1205 2890 communitatis¹⁸
1229 2823 1321 2908 regni

185 2909 321 2989 nostri,¹⁴
333 2917 367 2976 et
381 2909 562 2996 specialiter
575 2912 617 2976 ad
630 2910 799 2996 praedictas
813 2909 1099 2976 conloederacionas
1112 2910 1320 2986 renovandos,

185 2997 427 3076 continuandae,
441 2997 641 3083 ampliandas
662 3003 697 3064 et
717 2995 965 3076 meliorandas,¹⁵
977 3001 1012 3062 et
1033 2995 1073 3062 ad
1087 2995 1270 3062 addendum
1291 2997 1320 3061 ei

185 3082 271 3166 quod
292 3084 474 3150 addendum
488 3086 596 3168 fuerit,
611 3085 787 3152 secrrndruu
808 3089 952 3152 tenorem
973 3082 1179 3148 articulorum
1199 3082 1320 3148 eisdem

186 3342 437 3422 renouscionem,
450 3349 485 3410 ct
498 3344 676 3410 secundum
696 3349 839 3411 tenorem
853 3307 998 3410 mandati
1011 3343 1119 3408 omnia
1139 3350 1173 3409 et
1194 3343 1321 3428 singula

185 3425 382 3494 observanda
402 3429 545 3508 firmiter,
558 3429 595 3495 in
609 3429 751 3496 animam
765 3437 907 3497 nostram
922 3435 955 3494 at
967 3427 1105 3494 aliorum
1115 3431 1216 3496 nostri
1229 3429 1320 3514 regni

185 3531 321 3596 quorum
329 3513 951 3601 interestjuramentumprmetandum1'
983 3515 1051 3581 Nos
1062 3515 1169 3600 igitur,
1179 3515 1320 3582 Karolua

184 3619 242 3664 rex
252 3600 427 3680 Franciae,¹⁸
436 3601 629 3686 supradictis
643 3602 772 3668 nunciis
785 3601 1002 3681 tractavimus,
1013 3608 1047 3668 et
1057 3599 1321 3670 accordavimus¹⁹

233 3773 243 3810 ¹
256 3773 285 3828 B.
299 3777 307 3829 i
341 3794 377 3831 os.

234 3842 286 3900 ¹0.
300 3794 477 3902 gemm
516 3849 549 3901 D.
562 3848 742 3916 cderedsrom
753 3849 883 3902 amicicia.
921 3850 950 3903 O.
962 3849 995 3902 D.
1008 3849 1038 3903 D.
1052 3851 1114 3902 omit
1125 3853 1160 3903 st.

230 3913 242 3950 ⁸
257 3917 286 3969 D.
300 3919 330 3970 E
343 3921 399 3971 cdd
409 3935 447 3972 ac.
786 3917 993 3987 ‘Aderedsrorn
1006 3922 1098 3974 milite.
1135 3921 1167 3974 D.
1180 3917 1211 3975 u.
1225 3919 1319 3972 milite.

166 4045 169 4049 -
231 3984 425 4113 :erm
462 3989 491 4044 ⁰·
506 3989 536 4044 Β
550 3989 959 4114 recrescere

223 4087 226 4094 ·
277 4095 284 4111 .
322 4098 328 4110 .
407 4077 443 4112 rn.
605 4099 612 4115 .
651 4098 658 4113 .
717 4077 758 4114 om
789 4079 804 4114 e
1079 4097 1086 4115 .
1142 4076 1240 4112 eorum.

232 4125 352 4182 ⁰lutnris
363 4132 390 4182 ta
401 4134 505 4196 margia
517 4131 590 4184 lotor.
627 4131 655 4184 0.
669 4132 701 4183 D.
715 4131 746 4184 ll.
760 4133 821 4183 omit
831 4131 939 4184 futuris.

220 4195 242 4232 ¹⁰
254 4198 282 4251 C.
297 4201 329 4252 D.
343 4201 373 4254 E
389 4203 498 4254 amitat
605 4200 626 4236 ¹¹
639 4201 668 4253 B.
681 4203 886 4269 negociatorem.
1029 4199 1051 4234 ¹²
1063 4200 1091 4254 0.
1105 4201 1135 4254 R
1149 4206 1274 4270 gestorss.

220 4265 241 4302 ¹³
253 4269 281 4321 (l.
296 4271 325 4322 u
340 4273 538 4326 communitate.
575 4270 609 4325 D.
623 4273 720 4324 altered
724 4273 800 4338 frum
810 4271 1007 4325 communitate.

219 4336 241 4372 ¹⁴
253 4340 282 4392 0.
297 4341 331 4394 D.
345 4341 376 4393 lla
390 4343 446 4394 add
457 4343 561 4395 Scocira.
1026 4338 1048 4376 ¹⁵
1060 4341 1088 4395 0.
1103 4341 1136 4394 Ι).
1149 4341 1181 4394 Ε.
1194 4343 1249 4396 odd
1259 4345 1310 4396 etc.

218 4407 240 4442 ¹⁶
252 4410 281 4462 0.
295 4410 326 4462 Ε.
339 4412 395 4464 cdd
407 4415 435 4464 et
447 4413 535 4465 omnia
546 4417 575 4464 et
587 4411 690 4480 singula
703 4412 755 4465 elia
767 4411 916 4465 laciendum
929 4415 981 4465 eto.
1032 4409 1053 4446 ¹²
1066 4413 1095 4465 0.
1109 4413 1140 4464 Ε.
1153 4414 1210 4465 odd
1222 4419 1271 4466 ste.

217 4476 240 4512 ¹⁸
252 4481 280 4533 (l.
295 4481 324 4532 ll
338 4483 396 4535 cdd
407 4483 583 4550 supradictus,
596 4499 663 4536 cum.
973 4480 995 4536 ¹⁹,
1007 4481 1035 4536 O.
1049 4483 1081 4534 E.
1094 4483 1310 4536 concordavimus
