3282 5124
223 2657 227 2664 ’
328 2642 457 2706 nornine
485 2664 550 2727 quo
571 2663 675 2729 supra,
703 2644 797 2729 quod,
819 2644 978 2728 precipue
1006 2644 1042 2708 in

336 484 396 542 146
691 497 786 546 LIBER
799 496 1067 546 PLUSOARDDNSIS.

331 652 490 736 predicta,
504 653 574 738 pari
595 652 689 718 modo
709 655 745 718 in
766 654 922 732 omnibus,
937 653 1020 719 sicut
1041 652 1165 718 dictum
1185 659 1235 719 est
1255 651 1409 738 superins,
1424 673 1460 718 se

331 739 514 820 habebunt;
538 739 688 825 dictoque
701 741 768 826 regi
787 741 914 827 Anglie
935 739 1225 820 eimilimodototis
1246 739 1368 804 viribus
1389 739 1458 806 suis

330 845 474 909 guerram
495 827 620 905 facient,
635 830 719 894 sicut
732 829 877 912 superius
891 833 941 893 est
960 847 1152 912 expressum
1195 825 1248 890 Ad
1263 824 1349 909 quod
1370 846 1456 891 asse·

332 912 506 976 curandum
525 920 592 977 tam
614 915 739 998 prelati
761 935 858 999 quam
877 914 1018 992 comites,
1037 913 1170 979 barones
1192 919 1225 978 et
1245 912 1303 977 alii
1323 913 1456 991 nobiles,

331 1018 455 1062 necnon
479 1001 703 1066 universaliter
723 1000 944 1066 communiter1
965 1000 1044 1065 dicti
1065 1000 1155 1086 regni
1175 997 1340 1076 notabiles,
1361 998 1457 1065 duas²

331 1104 426 1168 super
439 1085 499 1150 hoc
513 1085 622 1152 literas
635 1095 789 1173 patentes,
804 1087 917 1172 sigillis
931 1087 997 1152 suis
1011 1087 1161 1165 munitas,
1175 1085 1365 1171 quantocius
1386 1085 1456 1151 lieri

329 1172 455 1255 poterit,
469 1173 682 1239 destinabunt
727 1176 928 1240 Conventum
941 1174 1006 1238 fuit
1019 1174 1149 1258 insuper
1162 1173 1246 1238 inter
1258 1192 1317 1236 nos
1337 1179 1370 1238 et
1383 1192 1456 1257 pro-

331 1265 488 1324 curatores
512 1260 688 1345 predictos,
710 1261 839 1326 nomine
864 1281 927 1344 quo
952 1281 1056 1344 supra,
1081 1259 1175 1344 quod,
1200 1259 1229 1324 si
1253 1257 1455 1344 prelibatum

330 1343 456 1429 Anglie
476 1365 589 1431 regem,
611 1347 810 1412 coadunatis⁸
823 1348 891 1412 suis
904 1347 1034 1424 viribus,
1055 1365 1188 1430 regnum
1209 1345 1328 1410 Seooie
1341 1365 1398 1430 per
1418 1365 1454 1411 se

329 1430 384 1495 vel
411 1432 511 1496 alium
538 1433 689 1498 invadere
716 1435 797 1498 forte
825 1434 1002 1518 contigerit,
1029 1441 1102 1518 post
1129 1451 1274 1516 guerram
1302 1431 1385 1496 bano
1413 1431 1454 1497 ad

328 1519 573 1600 requisitionem
593 1528 734 1584 nostram
750 1541 807 1604 per
828 1520 950 1585 dictum
971 1519 1090 1584 Soooie
1109 1539 1215 1604 regom
1236 1525 1383 1603 coeptam,
1397 1537 1454 1584 seu

329 1613 403 1686 post
429 1605 707 1671 confederacionis
736 1607 924 1672 affinitatem
952 1606 1036 1670 inter
1057 1625 1116 1670 nos
1139 1613 1173 1670 et
1197 1605 1324 1670 eosdem
1348 1625 1454 1690 regem

330 1691 447 1755 Soooie
472 1699 505 1756 at
529 1692 702 1779 regnicolas
723 1693 875 1770 habitam,
896 1690 1083 1776 presertim⁴
1103 1692 1206 1776 ipsius
1229 1692 1311 1776 regis
1336 1692 1455 1757 Soocie

329 1776 437 1860 super5
450 1777 510 1842 boo
532 1799 668 1864 congruo
687 1787 828 1864 tempora
849 1781 1005 1844 internos
1026 1786 1060 1844 et
1080 1778 1138 1843 illa
1154 1776 1329 1843 occasions⁰
1342 1797 1454 1844 eanm-

328 1862 410 1942 dem,
425 1863 596 1930 dummodo
611 1887 651 1931 ex
672 1874 763 1951 parte
782 1866 884 1951 ipsius
905 1865 1000 1950 egis*
1020 1865 1194 1950 snperboo
1214 1883 1351 1950 congruo
1373 1872 1453 1930 tem·

326 1969 403 2033 pore
416 1950 572 2017 fuerimus
585 1951 777 2037 premuniti,
791 1953 852 2017 sibi
869 1951 1048 2017 subsidium
1061 1951 1213 2016 faciemus
1227 1951 1335 2036 ipsum
1347 1971 1453 2036 regern

328 2036 455 2121 Anglie
468 2059 526 2122 per
538 2047 644 2124 partes
658 2039 738 2104 alias
759 2038 950 2124 occupando,
964 2046 1003 2103 ut
1016 2039 1063 2104 sic
1076 2039 1117 2103 ab
1131 2036 1276 2123 inceptu⁸
1288 2039 1454 2103 invasione

328 2125 510 2208 supradicta
523 2126 564 2190 ab
578 2126 642 2191 alia
662 2134 752 2210 parte
766 2123 977 2206 distruatur?
1000 2132 1058 2190 aut
1071 2125 1102 2190 ei
1115 2125 1307 2190 conveniens
1329 2125 1453 2208 adjuto-

449 2209 1455 2384 ..arma

327 2383 461 2448 forsitan
473 2387 682 2468 personaliter
695 2385 842 2464 exierit,¹²
855 2386 909 2452 vel
922 2393 1039 2450 terram
1055 2385 1159 2468 ipsam
1172 2383 1307 2448 notabili
1320 2383 1455 2448 forsitan

327 2469 474 2552 peditum
488 2480 680 2537 armatorum
693 2493 834 2550 numero,
848 2472 983 2537 durante
996 2491 1107 2556 guerra
1120 2471 1276 2535 internos
1291 2476 1325 2536 et
1337 2470 1454 2554 ipsum,

328 2558 537 2636 evacuaverit,
565 2559 779 2642 promiserunt
810 2565 1025 2644 procuratores
1056 2557 1209 2708 pbredioti,
1239 2557 1454 2708 Pffi'cffiwrio

1090 2664 1127 2708 oc
1156 2663 1239 2721 casu,
1302 2663 1320 2708 o
1395 2661 1453 2707 rex

328 2725 447 2791 Scooie
469 2748 542 2794 oum
556 2735 624 2794 toto
645 2750 737 2815 posse
758 2749 817 2794 suo
837 2733 952 2794 terram
973 2729 1108 2814 Angliae,
1122 2739 1242 2814 quanto
1262 2729 1365 2796 lacius
1383 2730 1454 2794 sive

328 2813 541 2895 probmdius¹²
551 2817 676 2900 poterit,
686 2818 804 2882 intrare
814 2816 945 2894 curabit,
955 2816 1099 2881 faciendo
1109 2835 1255 2902 guen-am
1267 2816 1454 2900 bellumque

329 2907 512 2984 campestre,
536 2902 722 2981 obsedendo,
745 2903 910 2981 vastando,
934 2921 972 2968 ec
999 2923 1105 2988 regem
1129 2903 1254 2987 Anglm
1278 2911 1311 2972 et
1334 2909 1454 2969 terram

328 2987 406 3070 ejus,
431 2988 579 3053 omnibus
606 2989 709 3055 modis
730 2989 889 3073 predictis
911 2989 1028 3073 quibus
1056 2991 1182 3074 poterit,
1206 2989 1282 3070 suis,
1306 2995 1345 3054 ut
1358 2983 1463 3115 lpress

327 3074 477 3152 mittitur,
499 3076 688 3161 sumptibus,
709 3076 932 3160 impugnando.
976 3076 1098 3140 Actum
1122 3085 1155 3141 et
1175 3095 1359 3160 expressum
1403 3083 1454 3142 est

327 3159 412 3225 inter
435 3179 494 3226 nos
515 3169 549 3227 ct
569 3167 784 3247 procuratores
808 3161 983 3246 predictos,
1005 3165 1134 3228 nomine
1156 3183 1219 3247 qno
1241 3182 1347 3246 supra,
1365 3162 1453 3246 quod

328 3265 386 3310 nos
401 3246 441 3312 de
458 3269 577 3334 guerra,
592 3269 688 3334 quam
710 3249 860 3334 prefatus
881 3249 1096 3314 rexScocie1⁴
1116 3256 1149 3314 et
1167 3267 1362 3314 successores
1383 3249 1451 3332 ejus

329 3340 438 3398 contra
459 3335 628 3419 praelatum
655 3334 781 3420 Anglie
804 3355 910 3420 regem
935 3356 992 3421 pro
1017 3336 1109 3400 nobis
1133 3335 1260 3412 facient,
1282 3343 1452 3420 postquam

327 3439 472 3503 guerram
485 3422 589 3508 ipsam
603 3422 644 3488 ad
657 3420 923 3508 regu'isioionem1⁵
936 3429 1078 3487 nostram
1091 3421 1232 3500 Desunt,
1245 3421 1298 3487 vel
1312 3422 1349 3500 si,
1363 3441 1452 3486 occa-

327 3506 416 3571 sione
441 3508 556 3574 inite¹⁶
576 3509 741 3574 affinitatis
770 3515 803 3574 et
827 3508 1114 3586 confederationis,
1138 3509 1224 3574 idem
1247 3526 1305 3573 rex
1334 3509 1451 3573 Soocie

324 3593 394 3676 jam
413 3615 557 3695 guerram
571 3597 682 3662 fecerit
699 3596 917 3682 predictam,¹⁷
931 3601 988 3661 aut
1000 3615 1058 3661 rex
1072 3595 1200 3680 Anglie
1214 3601 1323 3660 contra
1336 3595 1451 3679 ipsum,

328 3699 491 3748 occas1one
511 3684 752 3767 premissorum,
766 3704 825 3750 nec
839 3683 940 3748 eciam
954 3682 994 3748 de
1007 3683 1159 3768 predicta
1171 3703 1284 3767 guerra
1297 3682 1451 3766 composi-

375 3841 385 3876 1
398 3843 426 3896 0.
440 3843 471 3896 D.
483 3847 683 3898 communicant.
789 3843 800 3880 ¹
812 3847 839 3900 C.
852 3848 883 3900 r.
896 3862 966 3900 suas.
1136 3843 1187 3897 ³n
1199 3860 1254 3912 quo
1265 3843 1396 3896 munatio.

371 3910 383 3945 1
396 3915 424 3966 0.
438 3915 469 3966 D.
482 3921 629 3982 presentes.
666 3917 698 3969 D.
711 3917 855 3984 presertim
866 3920 894 3969 ta
904 3933 973 3970 mors
984 3915 1056 3968 baad
1066 3931 1125 3968 coer
1135 3919 1285 3984 presentet.

374 3981 386 4016 1
397 3983 502 4037 Allered
514 3987 658 4052 loterfrom
668 4003 723 4039 suo.
761 3987 792 4038 D.
806 4003 861 4040 sao.

373 4053 450 4106 “sor
461 4057 600 4109 occasions.
636 4057 666 4110 B.
682 4057 831 4109 occasionis.
866 4057 895 4109 O.
909 4057 942 4108 D.
955 4058 985 4109 E.
999 4055 1139 4109 meiana

374 4122 385 4159 1
398 4125 426 4177 (l.
437 4126 469 4178 D.
480 4127 510 4179 E.
521 4128 576 4178 odd
588 4127 690 4180 Seocie.
796 4125 848 4182 ⁸0.
861 4127 892 4180 ll.
907 4127 1019 4194 incepta

374 4192 386 4226 1
398 4195 426 4248 Β.
440 4197 472 4248 D.
485 4196 656 4250 distrahatur.
693 4198 723 4253 D.
735 4197 766 4250 D
779 4196 931 4252 distruatur.

363 4261 384 4297 ¹⁰
396 4265 427 4317 B.
439 4268 594 4332 perronem
781 4266 803 4302 11
814 4268 843 4322 0.
856 4268 887 4320 a.
899 4268 991 4321 exiret
1122 4263 1183 4320 ¹²0.
1196 4266 1351 4334 profundus.

361 4332 384 4367 11
395 4335 422 4388 C.
436 4337 466 4391 F.
479 4337 542 4391 bore
552 4339 651 4390 Actum
662 4342 789 4406 preterea
800 4344 828 4392 et
839 4354 960 4408 expresse
968 4339 1132 4392 warantum.

325 4445 327 4466 ,
361 4403 383 4438 11
395 4405 492 4458 Scooiae
504 4411 532 4460 ta
543 4412 642 4474 marcet
654 4411 727 4464 later.
1035 4405 1058 4442 ¹⁶
1069 4407 1098 4460 R
1111 4408 1140 4461 (l.
1153 4406 1186 4462 D.
1201 4407 1229 4460 la
1242 4404 1449 4474 requisioionsm.

316 4526 327 4543 Ι,
361 4474 383 4510 11
395 4477 423 4530 0.
437 4479 469 4530 D.
483 4479 512 4531 Ε.
526 4479 593 4532 irriti.
1033 4475 1055 4514 11
1067 4479 1096 4530 Β.
1110 4479 1139 4531 0.
1153 4479 1185 4531 D.
1199 4479 1229 4531 D.
1242 4476 1427 4544 supradictam.
