3282 5124
620 515 714 563 11111
730 515 885 564 8811118.
1272 499 1333 560 191

202 671 373 739 custodum
381 671 531 758 regimen,
541 671 732 758 nullumque
742 673 798 757 jus
812 672 876 737 sibi
890 671 926 737 in
940 671 1027 738 dicto
1041 693 1137 758 regno
1152 679 1331 758 competere

201 768 281 826 tunc
305 760 342 825 in
368 760 455 825 dicto
479 780 576 844 regno
600 759 801 837 vendicabat,
824 764 937 843 utpote
962 760 1107 825 nondum
1131 761 1170 824 ed
1195 758 1267 837 huc,
1292 766 1332 824 ut

201 854 313 933 postea
327 847 398 924 fuit,
408 847 445 911 in
458 855 564 932 partes
586 846 732 925 lacerato,
747 847 901 931 nulloque
916 867 1011 931 super
1024 848 1085 912 hoo
1099 847 1330 932 impedimento

167 985 169 992 .
200 934 386 1019 peripsum
404 954 511 1019 regem
532 933 660 1018 Angliae
681 933 790 998 dictis1
811 954 868 998 881
891 935 1077 999 custodibus
1098 933 1252 1018 praestito,
1273 953 1331 1016 per

201 1021 347 1105 spacium
368 1041 424 1086 sex
446 1041 603 1084 annorum
624 1028 658 1086 81
678 1020 772 1098 ultre,
792 1021 911 1105 quibus
936 1021 1115 1086 custodiam
1140 1021 1220 1086 dicti
1241 1019 1331 1104 regni

200 1107 401 1188 hebuerunt;
427 1107 527 1172 donec
542 1113 576 1172 et
590 1127 756 1191 quousque
777 1108 813 1171 in
828 1107 914 1172 dicto
935 1129 1032 1193 regno
1055 1109 1173 1173 Scociae
1194 1107 1331 1172 suboriri

201 1195 300 1278 coepit
325 1193 470 1278 quaedem
497 1194 706 1259 discensionis
735 1195 869 1259 materia
896 1214 993 1280 super
1017 1197 1091 1278 jure
1119 1193 1329 1259 successionis

200 1280 290 1366 regni
314 1281 400 1346 inter
420 1286 522 1346 certas
546 1287 663 1364 partes,
683 1286 758 1364 post
782 1286 917 1346 mortem
939 1282 1127 1366 Margaretae
1151 1281 1225 1344 filiae
1246 1280 1329 1365 regis

201 1368 407 1453 Norowagise,
428 1369 536 1453 neptis
558 1367 638 1433 dicti
660 1367 741 1452 regis
763 1367 948 1446 Alexandri,
961 1389 1035 1453 quae
1055 1369 1119 1432 fuit
1140 1388 1216 1432 vera
1236 1368 1329 1431 heres

200 1455 290 1540 regni
314 1455 392 1519 dum
416 1455 510 1532 vixit,
535 1462 661 1519 mortua
685 1461 794 1520 temen
822 1455 857 1518 in
886 1455 1107 1540 puellaritate:
1135 1461 1209 1540 post
1237 1454 1329 1537 cujus

200 1548 337 1608 mortam
358 1542 512 1606 suscitate
533 1548 583 1606 est
597 1541 755 1607 discordia
775 1561 892 1626 magna
912 1543 997 1607 inter
1010 1563 1153 1627 proceres
1175 1542 1274 1626 regni,
1289 1541 1330 1605 da

196 1630 269 1712 jure
298 1629 419 1714 pociori
443 1628 623 1694 8811811188.2
668 1629 731 1693 Ρ81
753 1629 839 1713 quod
867 1628 955 1695 idern
982 1650 1040 1694 rex
1067 1628 1203 1714 Angliae,
1225 1628 1329 1712 primo

200 1716 324 1800 fingens
345 1715 486 1780 exterius
508 1735 543 1781 se
565 1735 618 1780 eos
639 1715 724 1780 velle
749 1716 938 1782 concordare
959 1720 992 1782 et
1013 1737 1086 1801 quae
1110 1717 1198 1800 pacis
1221 1721 1329 1780 essent

198 1809 335 1867 tractare
356 1803 392 1866 in
415 1801 526 1867 Scooie
546 1801 633 1867 inter
652 1807 759 1887 partes
780 1803 910 1881 divisas,
924 1808 957 1868 81
979 1804 1034 1882 818,
1055 1811 1211 1887 tanquam
1231 1803 1328 1886 lupus

200 1890 260 1953 sub
286 1887 417 1975 agnino⁸
441 1887 566 1967 vellere,
589 1889 681 1973 regni
702 1889 805 1973 ipsius
829 1891 1020 1956 tractatibus
1042 1911 1108 1955 non
1132 1894 1265 1955 vocatus
1294 1908 1329 1953 se

199 1977 356 2060 ingerens,
381 1980 415 2041 et
440 1975 503 2040 sibi
528 1974 644 2041 allecta
669 1975 770 2040 altera
794 1982 885 2060 perte
910 1976 1026 2042 callide
1048 1995 1214 2061 procerum
1238 1976 1329 2060 regni

200 2062 475 2139 contendentium,
489 2062 577 2146 quod
589 2062 703 2128 videns
725 2061 849 2146 reliqua
868 2083 942 2146 pers
964 2063 1026 2128 sibi
1040 2065 1185 2128 resistere
1206 2063 1331 2141 noluit;

200 2153 235 2212 et
256 2147 302 2213 818
316 2148 356 2214 de
377 2149 470 2227 18818,
484 2149 561 2213 licet
581 2169 647 2214 non
669 2149 710 2214 de
727 2149 810 2232 jure,
826 2149 917 2233 regni
937 2149 1026 2214 illius
1047 2157 1174 2234 pestere
1194 2149 1330 2214 desolati

200 2235 264 2300 sibi
277 2235 446 2318 usurpavit
459 2235 638 2300 custodiam
651 2255 709 2320 per
723 2236 968 2319 oppressionem,
982 2236 1050 2300 vim
1064 2241 1098 2301 at
1111 2241 1243 2312 metum,
1258 2255 1330 2318 que

200 2322 312 2386 cedere
340 2327 490 2406 poterant
517 2322 554 2385 in
585 2327 786 2387 constantem
813 2321 927 2387 virum
992 2322 1044 2401 Et,
1073 2321 1149 2387 licet
1185 2322 1330 2387 Romans

200 2407 335 2473 ecclesia
355 2413 433 2473 tunc
446 2428 505 2493 pro
519 2413 610 2492 parte
624 2408 726 2493 ipsius
740 2407 843 2493 regni⁴
857 2427 964 2473 coram
978 2408 1057 2491 ipso,
1071 2409 1156 2474 sicut
1170 2415 1246 2485 erat,
1260 2409 1329 2492 ipse

199 2500 309 2559 temen
332 2514 390 2559 rex
418 2493 644 2580 allegaoionem
671 2493 858 2579 hujusmodi
886 2493 1055 2561 admittere
1078 2494 1192 2572 noluit,
1220 2515 1329 2580 ymmo

202 2601 309 2646 eoram
330 2579 524 2646 studuisse
539 2601 573 2646 sa
588 2582 739 2660 noscitur,
753 2588 792 2646 ut
806 2603 826 2648 s
839 2582 946 2648 verbis
968 2582 1036 2648 auis
1058 2601 1124 2646 non
1144 2581 1329 2647 recedatur:

200 2667 244 2731 Et
255 2667 283 2732 si
294 2667 367 2752 quis
380 2668 538 2752 presbiter
551 2669 715 2734 Romanus
725 2668 826 2734 vellet
838 2689 896 2752 pro
910 2668 1057 2734 libertate
1072 2669 1192 2735 Scooise
1206 2667 1330 2752 aliquid
1396 2745 1402 2756 ,

200 2775 264 2838 quo
278 2755 406 2820 adeum
419 2755 533 2834 dicere,
547 2755 713 2840 oportebat
727 2775 801 2821 eum
816 2756 997 2822 londonias
1007 2757 1126 2834 venire,
1140 2755 1244 2820 811118
1257 2774 1330 2839 quae

200 2841 300 2907 vellet
320 2841 368 2906 ibi
388 2862 563 2927 proponere
576 2862 683 2908 coram
696 2843 775 2926 ipso.
819 2844 888 2908 Neo
910 2843 1012 2908 eciem
1032 2843 1120 2908 idem
1141 2863 1206 2922 181,
1223 2841 1259 2906 in
1272 2842 1329 2907 ad·

200 2933 301 2993 ventu
324 2948 383 2993 suo
408 2931 536 3013 proprio
562 2935 643 2994 tunc
667 2929 709 2994 ed
733 2948 868 3014 mgnum
892 2929 1001 3014 ipsum
1030 2930 1159 3008 Soooiae,
1184 2947 1329 3013 proceres

200 3014 344 3098 ejusdem
357 3015 450 3100 regni
464 3024 555 3082 81118
568 3014 683 3101 ipsius⁰
695 3016 815 3082 11111188
830 3037 936 3082 coram
950 3037 984 3082 se
998 3016 1114 3082 habere
1128 3015 1234 3100 potuit
1247 3016 1331 3099 peti-

199 3107 267 3166 tam
282 3101 323 3166 ab
338 3121 375 3167 8ο
388 3102 557 3168 licenciam
572 3103 611 3168 de
625 3103 739 3188 gracie,
752 3123 851 3187 quarn
871 3103 996 3188 patenti
1016 3104 1106 3189 prius
1129 3103 1246 3186 scripto
1260 3102 1330 3186 ipse

200 3194 335 3266 caveret,
358 3188 400 3254 ad
425 3189 583 3255 cautelam
607 3189 765 3254 libertatis
794 3190 943 3268 ostense,
971 3189 1114 3275 ejusdem
1146 3189 1330 3274 proceribus

201 3275 302 3338 eciam
319 3276 389 3359 jam
410 3275 446 3338 in
467 3282 573 3360 partes
588 3276 710 3353 divisis
724 3276 810 3360 quod
825 3276 1010 3361 hujusmodi
1031 3297 1177 3342 accessus
1200 3277 1240 3340 ed
1254 3295 1329 3340 eum

200 3367 292 3424 extra
306 3381 441 3446 regnum
462 3361 498 3426 in
518 3363 608 3447 regni
628 3363 731 3448 ipsius
752 3382 819 3428 non
839 3363 1032 3428 redundaret
1052 3363 1285 3448 prejudicium,
1298 3367 1331 3426 et

201 3446 288 3530 quod
312 3466 379 3511 non
400 3469 441 3513 81
462 3447 572 3514 debito
597 3449 654 3514 aed
675 3470 716 3514 81
740 3449 846 3534 gracia
871 3449 932 3515 boc
953 3450 1097 3516 faciebat
1141 3451 1203 3515 Per
1226 3448 1330 3534 ipsius

202 3533 304 3598 eciem
318 3533 497 3619 solempnes
511 3535 655 3613 nuncios,
669 3536 844 3620 episcopos,
858 3537 929 3614 viz„
943 3536 1074 3602 comites
1089 3543 1123 3601 et
1135 3537 1279 3614 barones,
1289 3534 1330 3600 ad

201 3619 262 3685 hoc
290 3621 471 3704 specialiter
500 3620 678 3707 deputatos,
707 3621 914 3706 solempniter
940 3623 1087 3707 promisit
1117 3643 1174 3688 181
1202 3622 1330 3708 Angliae

201 3707 363 3790 prefatus,
377 3707 501 3773 dudum
522 3715 631 3774 autern
651 3716 686 3774 et
706 3729 804 3793 regno
824 3714 958 3774 1888118
975 3709 1103 3788 Scociae,
1125 3710 1211 3794 quod
1236 3709 1265 3774 si
1290 3708 1331 3773 da

201 3793 405 3858 matrimonio
413 3795 586 3878 praelocuto
595 3794 811 3861 contrahendo
820 3795 1113 3872 interEdwardum,
1122 3797 1226 3860 filium
1234 3815 1330 3860 suum

200 3880 460 3965 primogenim
474 3887 507 3947 et
528 3882 750 3968 Margaretam,
765 3881 845 3947 dieti
858 3884 947 3968 regni
967 3883 1113 3969 [Socoiee]
1135 3883 1284 3948 heredem
1298 3888 1331 3946 et

200 3967 373 4045 dominam
381 3973 460 4034 tune
468 3970 680 4054 superstitem,
689 3967 875 4055 contigeret7
884 3969 1000 4036 liberos
1011 3990 1077 4034 non
1087 3977 1205 4048 extare,
1215 3989 1249 4035 se
1262 3989 1332 4053 reg-

201 4075 281 4117 num
301 4054 409 4138 ipsum
429 4056 619 4140 predictum
641 4056 759 4122 Soociae
780 4056 888 4134 libere,
902 4057 972 4122 sine
985 4076 1187 4142 quocumque
1208 4055 1330 4139 subjac-

200 4139 915 4229 8181181188,1881111818118881111818111,
927 4149 960 4210 et
970 4145 1040 4209 8118
1050 4143 1119 4208 1118
1129 4163 1331 4227 quacumque

247 4353 443 4408 1118181111.
479 4353 645 4406 Ε.(18111118.
751 4353 1003 4408 2.11.Ε.881181188.
1117 4353 1173 4406 3Ι).
1187 4356 1248 4423 agni
1260 4373 1329 4410 vero.

247 4425 258 4458 ⁴
270 4427 298 4477 C.
313 4427 343 4477 E.
357 4427 413 4477 cdd
424 4425 521 4476 Scociee
534 4426 629 4477 fuisset
640 4425 777 4478 nominata
788 4427 895 4478 domins
906 4427 1024 4492 ejusdem
1036 4426 1118 4494 regni.

247 4495 259 4530 ⁶
271 4496 300 4546 B.
314 4511 341 4547 so
354 4497 408 4546 and
420 4499 481 4546 omit
486 4497 620 4562 followiup
631 4512 666 4547 se.
745 4493 798 4548 ⁶0.
813 4497 841 4548 Ε.
856 4499 911 4548 add
923 4498 1003 4565 regni.
1116 4495 1126 4531 ²
1140 4496 1169 4548 Ε
1183 4499 1330 4566 contigerit.
