3286 5112
301 485 362 545 306
674 497 770 546 umus
783 493 1052 547 consummem.

299 660 409 720 temen
422 654 458 719 in
472 653 565 720 corde
573 674 767 740 nuncquom,
777 654 856 720 visis
864 673 974 722 eorum
981 651 1075 719 foetis
1086 649 1239 735 antiquis,
1248 645 1427 716 consentire

299 741 424 825 placide
434 740 606 822 voluisset;
627 762 665 807 ec
680 742 719 807 de
733 761 884 827 responso
897 739 976 805 trini
990 738 1135 806 stutusei
1148 735 1284 803 eumme¹
1296 733 1427 818 placuit,

298 827 1010 998 leusio„
1028 825 1427 999 between

298 1007 408 1085 cepte:
429 1001 658 1086 propterquod
678 1001 849 1074 consilium
870 1007 1027 1068 secretum
1145 1003 1212 1064 ntes
1234 994 1324 1084 regni
1345 993 1425 1058 inie-

296 1093 384 1166 rtmt,
396 1088 483 1173 quod
497 1093 554 1154 eut
566 1109 672 1173 regem
687 1090 728 1154 nb
741 1087 926 1174 hnjusmodi
939 1085 1090 1172 opinione
1123 1089 1271 1162 ecterent,
1285 1085 1342 1147 eut
1350 1099 1426 1146 eum

297 1172 339 1239 de
362 1194 459 1260 regno
480 1181 634 1260 perpetuo
659 1175 832 1241 crederent
878 1173 972 1254 Quod
995 1173 1082 1240 inter
1106 1191 1160 1238 eos
1178 1165 1371 1256 juramentis
1391 1171 1426 1232 et

297 1260 412 1346 sigillis
426 1261 608 1328 roboretum
622 1261 692 1328 eet¹
734 1263 867 1348 Propter
880 1259 967 1346 quod
983 1259 1085 1345 prin'
1158 1257 1376 1324 convenerunt
1389 1253 1426 1317 in

297 1367 408 1426 unum,
422 1354 464 1427 et
477 1355 666 1434 congregato
679 1349 829 1426 exercitu,
843 1348 873 1414 si
886 1347 960 1433 quis
973 1367 1083 1412 eorum
1109 1342 1306 1446 oppositum⁴
1319 1341 1425 1406 iuvere

298 1433 435 1513 nolebat,
448 1435 626 1502 carceribus
639 1434 680 1500 de
702 1436 856 1516 utebant3
876 1433 1031 1502 obmissis
1045 1433 1172 1499 nunciis
1193 1432 1235 1497 ed
1255 1448 1369 1515 regem,
1383 1425 1425 1492 ed

296 1521 367 1606 ejus
381 1521 597 1588 intencionem
689 1543 741 1588 em
753 1520 942 1588 hebendem
985 1521 1056 1586 Rex
1070 1539 1146 1586 vero
1158 1517 1269 1595 butus,
1289 1537 1331 1582 ne
1345 1514 1425 1580 telin

295 1607 332 1672 iu
345 1608 529 1692 exemplum
542 1607 678 1674 oliorum
691 1607 840 1674 cederent
851 1607 888 1673 in
908 1608 1063 1684 futurum,
1081 1605 1279 1691 congregetis
1300 1601 1367 1668 suis
1388 1601 1424 1665 in

297 1695 493 1759 contrarium
520 1694 691 1772 benevolis,
720 1693 862 1761 edictum
881 1693 1027 1780 generale
1048 1691 1237 1778 proclamari
1259 1687 1366 1770 feeit?
1386 1707 1424 1752 oc

295 1779 423 1845 eosdem
447 1779 674 1866 prosequendo,
699 1781 735 1846 in
763 1786 898 1848 mortem
927 1787 985 1846 eut
1012 1779 1159 1866 perpetui
1187 1777 1279 1845 exilii
1306 1782 1340 1842 et
1367 1795 1423 1841 ex-

293 1865 538 1933 hereditsoionis
566 1887 696 1952 poensm
723 1867 933 1952 complectere
967 1867 1140 1952 proposuit
1206 1863 1271 1931 Sed
1304 1869 1422 1940 tumen,

294 1953 494 2018 considerate
534 1955 653 2032 ceusu,⁸
685 1960 815 2040 propter
850 1953 1096 2021 distruccionem
1127 1951 1240 2038 petriae
1275 1955 1309 2016 et
1341 1948 1421 2014 elios

293 2039 413 2105 multus
434 2040 713 2107 inconvenieuoius
734 2048 768 2106 et
788 2040 928 2125 dompne
948 2039 1119 2126 sequendo,
1132 2060 1198 2118 rex,
1211 2037 1269 2123 qui
1283 2035 1421 2103 clemens

293 2131 328 2191 et
352 2127 530 2194 misericors
553 2135 629 2207 eret
651 2127 779 2194 micius⁷
800 2148 875 2194 cum
900 2127 947 2195 eis
1011 2127 1102 2205 endo,
1123 2123 1246 2192 eisdem
1269 2123 1330 2190 heo
1351 2121 1422 2188 vice

292 2213 538 2280 misericorditer
565 2214 697 2293 remisit,
722 2214 892 2281 attendens
909 2235 960 2300 ·qu
1027 2233 1151 2300 megnee
1172 2210 1351 2278 nobilitatis
1372 2215 1422 2276 est

291 2300 360 2384 tegi
381 2299 541 2367 miserere⁸
554 2321 629 2366 cum
650 2301 763 2367 ulcisci
783 2301 909 2386 poterit
952 2301 997 2366 Et
1017 2301 1064 2366 sic
1084 2304 1236 2366 renovato
1257 2296 1422 2364 fidelitatis

288 2383 1430 2558 uurunerduuuuuuutuu§uelut.

290 2559 394 2625 eciem
414 2560 587 2646 paciencia,
611 2562 681 2627 eine
703 2562 822 2647 quibus
846 2563 983 2628 virtutes
1006 2560 1182 2626 cardinales
1202 2557 1421 2624 convalescere

290 2647 424 2713 minime
431 2647 742 2732 poteruntfdieente
750 2649 878 2728 Seneca,
887 2647 1147 2715 Omnesvirtutes
1155 2643 1421 2730 sirrepocienciu1⁰

290 2739 533 2818 sunttenquem
545 2733 671 2819 glodine
685 2741 799 2802 ocutus
813 2735 850 2800 in
864 2755 964 2801 meru
983 2734 1095 2800 furiosi
1115 2734 1152 2800 in
1172 2731 1278 2798 medio
1298 2729 1419 2832 populi
1532 2789 1538 2800 .

289 2819 572 2897 Etlicetdicetur
591 2822 718 2906 injure
738 2821 825 2906 quod
846 2821 977 2906 expedit
997 2820 1044 2887 rei
1064 2820 1202 2905 publicae
1223 2839 1264 2884 ue
1284 2818 1419 2883 umine

287 2911 473 2972 remaneant
481 2907 650 2990 impunite,
656 2914 767 2974 temen
777 2907 873 2974 debet
880 2907 1074 2992 tempereri¹¹
1083 2927 1158 2974 oum
1166 2903 1419 2972 misericordiu212

289 2991 416 3058 dicente
442 2993 619 3070 Solomone,
640 2994 862 3060 Misericordia
890 3001 924 3062 et
950 2995 1070 3061 vetites
1098 2992 1285 3059 custodiunt
1304 3011 1418 3077 regem.

290 3077 387 3144 Unde
400 3078 540 3144 Seneca:
569 3079 663 3144 Nulli
687 3085 816 3148 tentum
841 3086 1000 3165 quantum
1028 3079 1096 3166 regi
1120 3080 1212 3146 decet
1235 3078 1418 3145 clemencie

289 3164 386 3231 Unde
400 3164 563 3231 Salomon:
586 3167 715 3247 Quanto
729 3167 886 3252 majores,
900 3167 1037 3232 humilio
1049 3174 1083 3234 te
1103 3166 1140 3232 in
1154 3165 1320 3234 omnibus:
1341 3164 1417 3249 quie

288 3250 456 3318 humilitus
469 3252 562 3318 mdix
583 3259 616 3319 et
637 3252 885 3320 fundumentum
905 3259 956 3321 eet
975 3253 1121 3320 omnium
1143 3253 1310 3318 virtutum
1353 3250 1418 3317 Sed

288 3338 349 3404 hoc
377 3337 474 3404 debet
501 3359 572 3405 esse
596 3339 757 3408 mediante
779 3340 883 3421 modo,
908 3339 986 3426 quis
1006 3340 1042 3406 in
1063 3341 1212 3406 omnibus
1232 3338 1347 3404 modus
1368 3343 1419 3404 est

287 3425 480 3510 pulcerrimo
493 3425 688 3494 uirtutum¹⁸

420 3562 472 3628 Sis
485 3561 619 3629 humilis
632 3563 793 3631 mediante
806 3563 910 3644 modo,
924 3564 1062 3630 nimium
1074 3563 1231 3652 fugietur:

418 3649 484 3729 Qui
497 3649 595 3716 nimis
610 3656 659 3717 est
672 3650 805 3718 humilis
819 3651 873 3718 hic
886 3672 945 3738 pro
958 3650 1059 3718 stulto
1072 3657 1247 3737 reputetur.

330 3785 741 3870 Ecinmdoctores1‘jurie
771 3788 884 3853 dicunt
911 3786 1007 3873 quod,
1030 3786 1089 3853 ubi
1109 3787 1247 3853 nimium
1274 3793 1420 3864 sewetm

333 3987 342 4022 ¹
355 3989 384 4042 U.
398 3988 428 4040 ll
444 3989 593 4042 sentemiae.

331 4056 384 4111 ¹0.
397 4059 536 4113 roboretis.
572 4059 603 4113 ll.
618 4059 750 4112 roboretis
761 4059 860 4113 dtu-ed
870 4065 895 4112 to
907 4059 1053 4112 roboretur.
1090 4059 1119 4112 U.
1132 4060 1163 4112 lt
1176 4061 1237 4111 οπιίι
1249 4062 1298 4111 est

331 4125 384 4182 ’R
397 4129 507 4183 addaiu.
671 4127 722 4183 ⁴0.
738 4130 766 4183 E.
780 4129 922 4198 oppiniori.
1064 4127 1305 4195 ⁶iecitbtmcr9iu
1318 4129 1389 4180 luter.

331 4197 669 4266 ‘mmlumcryiulctm
1064 4197 1243 4252 i(lmiesine

332 4266 343 4303 ⁸
355 4268 460 4322 ΑΜ
472 4269 537 4322 buter
549 4277 574 4322 to
586 4271 710 4324 misereri.
1064 4267 1117 4324 ⁰0.
1131 4271 1161 4322 ll
1175 4273 1307 4338 poterunt.

319 4335 378 4392 ¹⁰0.
391 4340 422 4391 E.
435 4340 585 4406 prudencie.
785 4337 806 4376 ¹¹
819 4342 847 4395 U.
861 4341 891 4394 n
905 4341 1021 4408 reperiri.
1058 4342 1090 4395 D.
1103 4341 1282 4406 adu-edsrom
1294 4339 1411 4408 reperiri.

318 4405 342 4442 ¹¹
354 4409 531 4462 misericordie
542 4413 569 4462 ic
581 4413 684 4477 morales
695 4414 766 4466 low.
802 4412 835 4466 D.
847 4414 920 4466 ocelle
932 4415 959 4466 it.

318 4477 340 4514 ¹⁸
351 4479 380 4534 Ο.
393 4479 426 4534 1).
438 4480 469 4534 Ε.
482 4481 537 4534 cdd
549 4481 628 4535 Unde
640 4499 738 4536 versus.
1050 4479 1072 4517 ¹⁴
1083 4483 1112 4536 Ο.
1126 4481 1250 4536 doctoris.
