3284 5122
651 443 747 493 niara
761 445 927 494 suenrus.
1303 429 1351 494 bt

223 601 283 680 fisi,
304 601 381 668 licet
403 601 566 687 pauciores
589 622 729 680 numero,
751 603 949 687 potenciores
972 606 1080 668 umen
1103 601 1139 667 in
1163 602 1298 669 veritate
1319 608 1352 669 et

219 688 359 772 justicia,
374 689 541 753 victoriam
559 709 655 774 snper
675 709 728 754 eos
742 689 875 755 tirmiter
888 710 1013 774 sperare
1029 689 1180 755 debemus
1202 689 1350 756 habitui.

224 775 299 860 Ipse
313 775 399 840 enim
413 775 503 840 dabit
516 775 670 841 virtutem
683 781 716 841 et
737 777 957 842 fortitudinem
978 777 1065 860 plebi
1085 797 1152 842 suta
1165 777 1351 842 benedictus

222 862 339 927 Deus''
383 861 629 939 Quibusldictis
643 863 804 948 ingruenti
826 863 909 928 bello
931 863 1090 948 congressi
1103 868 1181 928 sunt
1194 864 1351 928 exercitus

224 969 299 1012 cum
313 969 428 1034 magna
438 949 571 1014 feritate
597 949 760 1014 Militibus
768 950 909 1014 Francia
920 949 956 1014 in
963 949 1095 1033 justicia
1109 949 1351 1027 conlidentibus,

222 1034 387 1100 inclinatis
401 1036 560 1120 capitibus
574 1055 594 1100 a
607 1055 678 1120 rege
695 1036 951 1102 benediccionem
972 1043 1167 1120 exposcunt3
1186 1037 1252 1120 qui,
1265 1037 1351 1102 fecto

223 1121 327 1206 signo²
337 1123 439 1187 crucis
453 1121 624 1207 signaculo,
639 1143 713 1187 cum
726 1122 866 1188 lacrimis
880 1123 916 1186 in
938 1123 1055 1188 celum
1069 1123 1235 1207 aspiciens,
1249 1143 1351 1188 rorem

223 1207 342 1273 divinae
356 1209 589 1274 benediccionis
602 1229 699 1292 super
715 1229 767 1274 eos
788 1208 950 1274 effundere
964 1209 1142 1274 Dominum
1163 1207 1351 1294 suppliciter

223 1296 375 1360 exoravit.
407 1296 531 1374 Quibus
542 1295 1160 1362 comtanterinbellosedefendentibus
1172 1302 1205 1360 et
1215 1296 1350 1360 viriliter

221 1379 330 1447 hostes
341 1383 604 1468 aggredientibus,
612 1381 815 1466 ecclesiaeque
828 1382 983 1448 ministris
998 1382 1162 1447 orantibus
1171 1387 1204 1446 et
1211 1382 1350 1466 psalmos

222 1468 465 1554 can[tan]tibus,
477 1468 588 1533 multis
598 1469 784 1546 interiectis,
792 1469 894 1553 captis
909 1477 940 1534 et
950 1469 1126 1554 prostratis,
1133 1469 1305 1553 imperator
1315 1469 1350 1532 in

221 1554 330 1638 fugam
345 1575 420 1620 cum
434 1576 550 1640 magna
566 1553 707 1620 militum
728 1575 871 1622 reversus
893 1562 941 1622 est
955 1555 1176 1621 mmutudine
1197 1555 1350 1622 dedicore

224 1640 317 1718 Quod
322 1641 478 1724 justoDei
484 1640 606 1726 judicio
615 1642 735 1707 factum
747 1663 815 1708 esse
826 1647 964 1723 comtat3
978 1663 1053 1708 nam
1064 1643 1100 1706 in
1110 1643 1162 1708 die
1170 1641 1351 1718 Dominico,

221 1748 287 1810 quo
303 1729 464 1792 Dominus
485 1728 574 1794 Deus
594 1729 752 1812 requievit
772 1729 813 1794 ab
834 1729 923 1794 omni
943 1749 1036 1813 opere
1055 1729 1141 1814 quod
1161 1734 1350 1814 patraverat,

221 1813 379 1880 inducies⁴
390 1814 530 1880 bellandi
544 1815 611 1900 regi
620 1815 770 1900 Philippo
780 1815 938 1881 instanter
951 1823 984 1881 et
998 1816 1163 1882 humiliter
1176 1815 1350 1900 requinenti

222 1901 391 1966 concedere
413 1907 594 1986 arroganter
620 1903 808 1979 refutarunt,
830 1909 862 1968 et
887 1902 993 1968 subito
1022 1903 1057 1966 in
1080 1903 1148 1986 ejus
1174 1903 1350 1967 exercitum

222 1987 333 2052 eodem
358 1987 410 2052 die
435 1988 605 2052 Dominico
630 2009 667 2052 eo
690 1987 848 2054 inducias⁵
857 1987 1063 2074 [requirente]
1078 1990 1245 2053 irruerunt.
1283 1988 1350 2053 Ubi

221 2073 332 2138 eodem
340 2073 393 2139 die
403 2074 633 2140 Dominioo⁸ca
655 2073 769 2139 tisunt
780 2074 848 2139 dux
858 2072 1097 2151 Invenies,⁷dux
1110 2073 1150 2140 de
1160 2073 1350 2158 Lamburgh,

164 2225 166 2230 .
221 2179 326 2224 comes
334 2161 597 2238 Bolonioe,comes
690 2160 781 2238 dreae,
790 2181 865 2226 cum
875 2161 977 2225 tribus
986 2161 1156 2224 comitibus
1164 2159 1351 2224 Elemaniae⁸

222 2253 256 2310 et
276 2247 434 2312 militibus
455 2253 488 2312 et
509 2247 690 2332 proceribus
711 2247 747 2310 in
768 2267 883 2332 magna
897 2245 1122 2327 multitudine;
1143 2266 1181 2311 ac
1195 2245 1296 2311 eciam
1310 2245 1350 2310 de

221 2351 317 2417 regno
332 2334 401 2417 ejus
414 2335 541 2418 proprio
562 2333 712 2410 blancis,
726 2353 801 2398 cum
822 2333 888 2398 suis
909 2331 1137 2398 rebellantibus
1159 2331 1349 2416 supradictis

221 2418 257 2482 in
271 2417 392 2504 campo,
406 2420 463 2484 alii
477 2419 588 2506 fugati,
599 2419 656 2484 alii
670 2419 764 2504 capti,
780 2419 837 2484 alii
851 2419 954 2484 occisi.
985 2418 1109 2497 Quibus
1123 2417 1347 2484 rebellionibus

221 2526 286 2570 non
297 2507 506 2584 obstantibus,
516 2529 572 2572 rex
584 2505 754 2591 Philippus
769 2507 940 2572 clementer
953 2505 1019 2591 egit
1032 2524 1105 2570 cum
1120 2506 1180 2586 eis3
1193 2505 1240 2569 sio
1254 2503 1349 2587 quod,

221 2595 368 2675 quamvis
379 2615 440 2672 ecs,
451 2594 597 2660 orimine⁰
606 2593 690 2659 laesae
698 2593 874 2678 majestatis
882 2585 1218 2669 irrititos,ad1'nortem
1226 2591 1348 2741 p'lustifi·

221 2699 291 2744 aare
305 2687 438 2764 poteret,
452 2680 570 2746 eisdem
592 2687 709 2759 tamen,
724 2686 781 2745 aut
798 2679 944 2764 pluribus
966 2678 1079 2744 saltem
1093 2699 1212 2756 sonim,
1249 2677 1348 2743 eredi-

219 2765 340 2831 tatibus
362 2772 395 2832 et
413 2767 485 2832 vita
506 2766 611 2844 salvis,
627 2766 762 2832 crimino
775 2787 834 2832 sua
855 2786 911 2850 pro
925 2765 986 2831 hac
1000 2765 1079 2844 vice,
1093 2765 1153 2830 sub
1167 2764 1349 2830 intencione

220 2852 454 2918 emendacionis
468 2854 552 2932 vita,
563 2853 807 2920 misericorditer
816 2852 947 2930 remisit,
956 2852 997 2918 ed
1011 2852 1114 2917 instar
1127 2859 1160 2918 et
1174 2872 1231 2937 pro
1242 2871 1348 2916 amore

220 2938 328 3022 Ipsius
343 2941 400 3023 qui
410 2939 497 3024 ligno
509 2940 610 3005 crucis
624 2959 682 3024 pru
693 2940 759 3006 suis
770 2940 1021 3024 persecutoribus
1036 2938 1191 3018 exoravit;
1206 2937 1348 3022 cogitans

219 3025 305 3108 quod
327 3047 450 3112 magnes
472 3025 649 3092 nobilitatis
671 3034 704 3091 et
725 3026 905 3092 clemencie
919 3031 968 3092 est
982 3025 1017 3089 in
1031 3045 1103 3110 rege
1120 3045 1246 3109 parcere
1260 3043 1348 3108 pros·

219 3112 311 3177 tratis
322 3111 508 3191 humilibus,
519 3119 551 3178 et
561 3113 749 3198 impugnare
763 3114 922 3197 superbos.
966 3111 1218 3196 verumptamen
1229 3110 1348 3175 multos

218 3217 327 3264 sorum
340 3199 436 3285 longo
449 3205 592 3284 tempore
605 3199 768 3284 puniendo
782 3199 957 3265 carceribus
971 3197 1174 3282 mancipavit.

218 3416 379 3503 §mattam
392 3421 547 3505 ammoto
567 3440 621 3488 rex
641 3417 815 3504 &chauces
837 3417 996 3508 [acutia]
1018 3439 1113 3506 mccc
1134 3421 1202 3488 teuc
1216 3417 1348 3503 &nulia

260 3551 356 3616 scau
370 3532 534 3614 §umus
548 3532 725 3602 imbuatis
739 3531 815 3601 terit
828 3529 982 3614 locunt
995 3529 1235 3617 satta-o.
1251 3529 1303 3598 iti.

219 3653 361 3756 REX
389 3683 488 3768 igitur
511 3681 685 3760 iohannes,
707 3681 810 3747 sciens
839 3701 873 3746 se
901 3682 943 3746 ad
971 3686 1083 3746 votum
1108 3688 1218 3747 contre
1242 3701 1348 3765 regem

217 3769 360 3836 Francia
372 3790 438 3836 non
455 3789 637 3854 prosperare
656 3789 757 3854 posse,
777 3767 893 3832 taedere
912 3768 998 3852 cepit
1011 3776 1044 3834 at
1058 3787 1181 3852 pavere,
1203 3789 1239 3833 eo
1261 3765 1348 3852 quod

216 3857 360 3932 nuncios,
377 3855 492 3922 missos
515 3877 535 3921 a
557 3857 702 3921 Romano
717 3853 893 3940 pontifice1⁰
910 3875 968 3939 pro
981 3875 1060 3940 poce
1074 3855 1239 3920 tractanda
1264 3853 1348 3918 inter

218 3963 292 4008 curn
315 3949 348 4007 et
369 3963 475 4028 regem
489 3941 640 4021 Francia,
657 3939 787 4008 noluit¹²
808 3941 1061 4025 appropinquare
1082 3942 1272 4026 permittere,
1288 3960 1347 4004 nec

216 4049 329 4112 pessus
341 4036 390 4094 est
401 4050 453 4094 eos
468 4029 509 4094 ed
523 4049 615 4094 suam
625 4028 831 4114 praesenciam
842 4028 997 4094 accedere.
1043 4027 1146 4105 Quem
1157 4027 1204 4092 sic
1217 4027 1347 4090 indura·

264 4212 316 4266 ¹0.
330 4213 583 4266 Roddrarbissic.
690 4214 742 4268 ¹0.
758 4214 789 4268 Ε.
804 4217 958 4283 omitsigno.
1064 4213 1115 4266 ⁸0.
1131 4215 1160 4267 Ε.
1175 4215 1275 4266 addet

263 4281 276 4317 ⁴
287 4283 316 4336 Ο.
330 4285 360 4336 Ec
374 4284 501 4340 inducias.
692 4281 1012 4338 tumescere-inducias
1025 4285 1051 4336 ia
1063 4289 1171 4348 margia

263 4350 316 4406 ⁰0.
329 4356 362 4406 D.
376 4357 407 4407 Ε.
421 4358 482 4408 omit
495 4353 641 4408 Dominico.
691 4354 744 4409 ⁷0.
759 4357 790 4408 Ε.
804 4356 972 4408 lauronensia.
1040 4353 1093 4408 ⁸0.
1106 4356 1138 4406 D.
1151 4356 1181 4407 Ε,
1195 4353 1346 4407 alemanis.

263 4421 433 4478 'Obrimus
684 4425 706 4460 ¹⁰
719 4427 747 4480 O.
762 4427 795 4479 D.
809 4427 839 4478 E.
854 4427 981 4492 pontiflci.
1030 4423 1050 4460 ¹¹
1062 4428 1091 4479 O.
1105 4425 1135 4478 u.
1149 4425 1250 4478 added
1262 4442 1297 4479 sc.
