3282 5124
349 481 409 542 194
721 491 1100 542 transrtosclsnmsis.

346 649 428 716 libet
448 669 544 734 super
562 649 622 714 hoc
643 648 851 734 ambiguitate
873 648 1029 750 submota,
1049 647 1179 734 publice
1203 651 1403 748 protestatus·
1427 655 1488 749 est

346 735 1001 907 qsidlflmliopediliriiid:
1014 735 1282 908 {Stetit}
1303 735 1486 921 ittet:

347 929 467 994 rexque
495 910 597 975 eciam
620 909 687 1011 iste
714 910 884 975 modernus
909 909 1105 974 Eedwardus
1133 908 1347 1010 oblatnmsrc
1372 908 1414 973 ab
1438 927 1482 1009 ec

345 995 1483 1169 mittit-tt.’..t²l.t”l.tt.tt⁰.tt..ttttttt.tt.

346 1169 432 1272 qnod
456 1171 661 1255 presumitur
675 1176 719 1271 'et
743 1171 838 1270 datpr
854 1169 1001 1270 'intelligi
1023 1169 1103 1234 talia
1123 1174 1157 1268 et
1178 1169 1297 1233 similia
1317 1167 1480 1268 homagia,

345 1255 1335 1430 tttlttttoetbtrttssltitttsstttt‘tlt
1346 1254 1478 1425 itit

343 1451 361 1497 e
384 1430 479 1496 istola
507 1431 666 1508 moderna,
686 1429 766 1494 talia
793 1431 924 1495 fuerunt
945 1429 1056 1514 qualia
1077 1429 1208 1494 luerunt
1236 1428 1304 1493 haec
1327 1427 1477 1512 homagia

379 1517 492 1582 timete
514 1517 600 1582 facta
623 1537 681 1601 pro
709 1515 802 1582 terris
822 1517 895 1582 sitis
919 1517 1003 1582 infra
1026 1536 1158 1600 regnum
1180 1515 1316 1600 Angliae,
1337 1520 1376 1579 ut
1393 1534 1476 1598 prec-

344 1604 493 1682 mittitur,
504 1603 678 1687 approbata
692 1608 725 1667 et
738 1602 877 1668 admissa
890 1623 947 1688 per
960 1601 1088 1668 eosdem
1098 1601 1225 1688 Angliee
1239 1621 1327 1686 reges
1341 1601 1377 1665 in
1391 1609 1476 1666 tem-

343 1689 475 1774 poribus
503 1689 590 1770 illis;
618 1709 655 1754 ec
680 1689 767 1774 quod
794 1689 874 1755 talia
898 1695 974 1755 sunt
1004 1689 1147 1773 subjecta
1172 1688 1281 1774 qualia
1301 1687 1474 1772 pmdicata

343 1776 543 1928 permittrmt.
583 1775 630 1878 nt
643 1775 730 1842 hune
751 1781 872 1841 statum
884 1776 1042 1878 libertatis
1063 1776 1151 1877 regni
1173 1775 1291 1875 Scociee
1304 1775 1475 1841 manifeste

366 1861 507 1928 eclarant
527 1869 560 1928 et
580 1869 723 1927 mnunnt
742 1868 832 1948 gesta
853 1883 1027 1929 novissima
1045 1883 1143 1947 regar,
1157 1867 1190 1927 et
1210 1883 1293 1927 vern
1314 1867 1405 1927 actus
1427 1863 1474 1928 et1

342 1949 468 2014 diverse
481 1949 634 2035 rescripta
646 1950 834 2035 Apostolioa
847 1955 880 2015 et
893 1948 1067 2034 previlegia
1080 1949 1250 2014 manifeste
1264 1949 1474 2033 comprobant

343 2035 426 2101 illud
446 2035 541 2103 idem
585 2036 671 2101 Nam
691 2037 795 2122 primo
815 2037 986 2116 Henricus,
1006 2035 1141 2102 ultimus
1161 2056 1219 2101 nex
1239 2035 1376 2120 Angliae,
1396 2055 1471 2101 cnm

341 2123 383 2188 ab
408 2122 592 2190 Alexandro
620 2143 692 2209 rege
721 2123 848 2201 Scociae,
873 2145 932 2190 suo
954 2143 1079 2209 genero,
1100 2127 1211 2188 contra
1233 2122 1405 2206 Symonem
1430 2124 1472 2188 de

342 2210 456 2276 Monte
477 2210 567 2275 Forti
588 2214 622 2274 et
642 2230 717 2277 suos
738 2212 908 2296 complices
933 2209 996 2276 eibi
1017 2210 1058 2275 ab
1082 2229 1121 2275 co
1144 2208 1291 2294 petisset²
1311 2209 1470 2274 auxilium

341 2295 1469 2470 ttttdtffidttloedttttttmttdttffltt

341 2471 872 2642 liltffliliiullthllelull
889 2471 1262 2635 tffitttrtlttl
1276 2471 1471 2641 ditat

341 2645 447 2794 gocia
471 2651 505 2708 et
532 2644 648 2710 favore
704 2645 768 2710 Hie
791 2645 893 2710 eciam
917 2665 974 2710 rex
1003 2643 1188 2721 Edwardus,
1213 2642 1357 2727 ejusdem
1386 2644 1469 2728 regis

376 2749 445 2794 cnrr
463 2729 475 2793 i
495 2731 596 2815 patris
617 2729 668 2794 sui
685 2729 780 2808 filius,
794 2731 846 2795 sui
865 2730 1075 2816 progenitoris
1090 2730 1170 2796 vest'
1193 2729 1225 2794 ia
1245 2729 1423 2806 imitando?
1436 2736 1471 2794 et

340 2816 446 2900 priora
458 2815 544 2881 facta
557 2817 768 2900 approbando,
782 2817 861 2882 dum
882 2817 1026 2901 ejusdem
1046 2817 1129 2901 regis
1188 2815 1468 2893 exandri·Scoeiae‚

341 2901 392 2967 sui
413 2902 533 2979 sororii,
547 2902 582 2966 in
597 2923 663 2967 suec
684 2904 900 2970 coronacionis
921 2903 1107 2987 solempniis
1128 2902 1244 2969 habere
1262 2901 1467 2987 praesenciam

341 2988 512 3066 affectaret,
541 2987 644 3054 eidem
668 2990 736 3074 regi
760 2989 953 3068 Alexandro,
976 2990 1097 3054 ibidem
1120 2992 1166 3055 ire
1188 2993 1360 3066 recusante,
1385 2988 1466 3053 alios

339 3075 447 3140 literas
461 3079 607 3160 patentes
623 3095 697 3141 suas
711 3075 775 3142 sibi
787 3076 973 3154 transmisit,
984 3077 1071 3160 quod
1080 3098 1147 3141 non
1156 3097 1196 3142 ex
1211 3075 1316 3141 debito
1330 3073 1468 3159 alicujus

340 3162 468 3228 servicii
489 3162 550 3227 hoc
571 3161 715 3240 faciebat,
729 3164 787 3229 sed
808 3163 1030 3228 tantummodo
1052 3183 1092 3228 ex
1112 3165 1221 3229 favore
1235 3169 1268 3228 et
1281 3162 1386 3249 grecia
1405 3163 1467 3228 hoc

341 3250 404 3316 sibi
417 3249 581 3315 concessit.

442 3483 606 3568 §seete
620 3482 721 3553 abbat
734 3483 770 3552 ba
785 3484 897 3561 tabem.
914 3505 983 3554 rara
997 3484 1304 3555 incitantibus-tl.
1320 3485 1359 3555 ti.

343 3621 994 3733 chlnrnonmdeindeejmdem
1003 3646 1468 3734 regis⁵Scocioecustodiapost

340 3743 475 3802 mortem
500 3734 677 3800 Alexandri
702 3735 783 3820 regis
808 3735 994 3820 supradicti,
1019 3755 1084 3798 non
1109 3733 1280 3819 adipsum
1303 3734 1401 3800 velud
1426 3737 1468 3800 ad

339 3829 464 3890 rectum
474 3822 597 3886 dictum
608 3821 799 3886 dominium⁶
808 3821 897 3906 regni
913 3821 1031 3887 Scociee
1044 3821 1198 3905 pervenit,
1209 3827 1304 3905 prout
1315 3822 1467 3888 defendis

339 3911 408 3976 fieri
422 3909 539 3975 assolet
546 3932 555 3990 ;
577 3908 642 3986 sed,
654 3928 711 3993 per
726 3909 827 3993 ipsius
849 3908 932 3992 regis
953 3907 1132 3985 consilium,
1147 3928 1205 3991 per
1219 3909 1363 3992 ejusdem
1376 3911 1467 3993 regni

340 4017 483 4082 proceres
498 4016 555 4061 sex
569 4001 660 4060 erant
681 3995 775 4060 electi
789 3995 869 4059 dicti
883 3994 974 4078 regni
994 3992 1148 4059 custodes.
1194 3995 1288 4073 Quod
1308 3995 1379 4079 ipso
1393 4015 1467 4080 rege

340 4084 467 4169 Anglise
481 4083 612 4160 sciente,
622 4081 798 4160 tollerante‚
809 4081 1031 4147 consenciente
1041 4086 1075 4146 et
1084 4082 1279 4167 approbante
1294 4081 1467 4148 eorundem

386 4271 437 4326 ¹0.
451 4288 488 4324 ae.
731 4265 785 4320 ¹0.
799 4268 830 4319 E.
842 4269 972 4335 periisset.
1149 4265 1200 4320 ³0.
1215 4269 1246 4320 D.
1261 4270 1395 4322 mutando.

386 4341 398 4376 ⁴
410 4343 438 4395 0.
452 4342 484 4393 D.
494 4341 525 4392 Ε.
538 4339 722 4406 Vacantisqus.
1150 4335 1162 4372 ⁶
1174 4338 1204 4390 B.
1218 4340 1245 4392 (l.
1259 4338 1291 4390 D.
1304 4339 1335 4390 R
1349 4339 1429 4406 regni.

385 4412 513 4464 ‘Altered
537 4413 601 4464 tortor
623 4413 698 4476 from
720 4413 821 4460 rectum
845 4408 952 4460 dominii
982 4408 1123 4460 dominum.
1177 4409 1207 4460 B.
1231 4409 1332 4461 dictam
1357 4409 1465 4462 doarini.

340 4483 368 4536 O.
382 4483 414 4536 D.
429 4483 459 4534 Ε.
472 4483 581 4534 dominii
592 4481 735 4532 dominum.
