3240 5130
313 450 374 510 348
685 461 780 510 LIBER
794 459 1005 512 ruccolenus
1007 461 1063 512 sm.

308 619 403 702 quod,
418 640 475 704 per
488 619 630 685 medium
650 621 728 705 ejus,
742 640 847 686 comes
861 619 1035 685 Bucheniae
1048 624 1082 686 et
1103 619 1158 685 clii
1173 619 1261 687 Scoti
1274 619 1366 698 missi
1378 640 1436 704 per

307 707 559 790 gubernatorem,
572 706 693 772 virtute
715 706 1002 784 confoederationis,
1016 705 1058 772 ed
1072 706 1307 774 defendendum
1327 707 1435 773 nobile

307 813 442 876 regnum
465 793 616 871 Frenciae,
641 793 704 858 sibi
728 793 769 858 ed
797 793 986 859 mandatum
1010 793 1080 878 ejus
1104 793 1320 860 adhererent:
1348 793 1435 878 quod

308 880 492 944 nullatcnus
513 879 583 964 ipso
604 879 641 944 in
662 879 849 964 captivitate
868 879 1025 946 existente
1047 881 1150 946 fecere
1163 880 1350 958 voluissent,
1368 900 1435 944 non

309 965 456 1030 obstante
470 967 556 1050 quod
570 967 616 1032 eis
630 967 690 1032 sub
700 965 806 1052 sigillo
828 967 898 1051 ejus
912 967 1037 1051 saepius,
1051 967 1112 1032 sub
1133 987 1229 1052 poene
1242 966 1434 1052 prodicionis

309 1056 343 1116 ct
362 1052 553 1130 rebellionis,
567 1052 713 1137 requisiti
734 1059 768 1119 et
787 1053 903 1117 moniti
924 1053 1068 1118 luissent.
1113 1055 1191 1119 Post
1210 1060 1346 1118 mortem
1358 1073 1434 1118 vero

308 1139 391 1222 regie
405 1139 536 1204 Roberti
557 1139 657 1218 tercii,
678 1139 774 1204 buter
795 1141 865 1225 ejus
885 1140 1053 1218 Robertus,
1067 1140 1134 1205 dux
1154 1140 1311 1218 Albnniec,
1328 1160 1434 1205 eomes

309 1224 349 1289 dc
362 1225 433 1288 Fife
447 1231 480 1290 et
494 1225 534 1291 de
548 1226 706 1305 Menteth,
720 1226 841 1292 electus
856 1231 905 1291 est
917 1225 1036 1291 iterum
1049 1231 1083 1292 et
1096 1227 1301 1292 confirmatus
1321 1227 1435 1311 guber-

308 1312 535 1377 nctorSeoeiae.
563 1313 684 1378 Eodem
693 1312 951 1378 ennocombuste
959 1312 1433 1398 est[e]cesuvillechtirling.

308 1398 394 1463 Item
414 1399 541 1483 profugi
562 1398 694 1464 fuerunt
715 1419 753 1464 eo
775 1405 853 1464 tunc
874 1399 1029 1483 tempore¹
1042 1399 1079 1464 in
1101 1400 1220 1478 Scoein,
1234 1420 1299 1484 prae
1318 1399 1434 1464 timore

307 1485 390 1570 regis
413 1485 547 1551 Henrici
572 1487 687 1570 quarti,
707 1486 767 1551 viz.
782 1505 839 1550 rex
858 1485 1023 1564 Biceruue,
1044 1486 1090 1551 et¹
1104 1487 1144 1552 de
1158 1488 1259 1571 Percy
1273 1486 1434 1552 Henrieus

303 1571 422 1655 junior,
436 1571 584 1636 dominus
599 1571 639 1636 dc
656 1570 827 1650 Barnous}
842 1576 875 1636 et
889 1572 1057 1658 episcopus
1070 1573 1252 1651 wellensis,
1266 1573 1434 1657 episeopus

307 1657 528 1742 Bcngorcneis,
549 1658 716 1742 episcopus
731 1658 929 1736 Assevensis,
943 1658 1041 1725 obben
1063 1659 1103 1725 de
1116 1657 1277 1725 Wulbek⁸
1319 1659 1434 1724 Oomcs

308 1743 409 1809 eciem
429 1743 677 1821 Nerthumbrise,
698 1764 755 1828 per
776 1743 937 1828 quendem
961 1745 1100 1812 militem
1123 1767 1220 1812 suum
1244 1745 1434 1811 familiarem

307 1829 469 1914 deceptus,
486 1829 639 1915 Anglicm
658 1830 816 1908 intrando,
834 1851 892 1916 per
912 1851 1017 1917 regem
1039 1836 1151 1917 ceptus
1174 1838 1231 1911 est,
1245 1837 1280 1898 et
1299 1853 1374 1898 eum
1395 1851 1433 1897 co

308 1915 457 1982 dominus
470 1917 634 1982 Wenloles
645 1917 671 1998 ;⁴
692 1922 726 1982 et
746 1917 839 2002 umbo
860 1919 925 1982 duo
947 1919 1107 2003 capitibus
1129 1919 1278 1997 bonesti,
1296 1923 1330 1984 et
1349 1917 1433 2002 pelis

307 2003 436 2088 publice
457 2003 570 2080 effixis,
591 2024 665 2069 cum
686 2002 798 2069 multis
820 2003 891 2069 eliis
913 2005 1054 2089 ejusdem
1078 2005 1246 2091 opinionis,
1260 2003 1330 2090 qui⁵
1344 2025 1434 2071 occc-

308 2089 397 2156 sione
411 2089 490 2156 dicti
505 2089 638 2156 Henrici
653 2089 693 2156 de
707 2089 810 2176 Percy
823 2095 958 2158 mortem
971 2093 1059 2178 pessi
1076 2097 1160 2158 sunt

404 2376 592 2465 [Seruitus]
607 2377 644 2446 br
657 2376 848 2460 nuenbret
862 2376 986 2445 editus
1000 2377 1038 2445 in
1051 2375 1128 2446 illis
1143 2377 1338 2462 bonoribus

664 2475 971 2546 actutum-ti.
988 2476 1065 2544 xxii.

147 2641 164 2675 Δ
195 2663 200 2675 ·
274 2662 280 2676 ·
306 2602 485 2705 ffiNO
507 2626 641 2692 Domini
662 2624 867 2692 wccce⁰iiii⁰
881 2625 948 2691 dux
970 2623 1165 2712 Burgundiae
1178 2626 1294 2692 ducem
1306 2624 1434 2692 Aureli-

306 2734 458 2781 cnensem
471 2715 507 2778 in
520 2713 600 2778 villa
614 2714 654 2779 de
665 2714 755 2779 Perie
770 2713 871 2779 occidi
884 2713 963 2779 fecit
975 2733 1032 2798 per
1045 2712 1207 2797 quendem
1217 2712 1435 2797 Roynoldnm⁷

307 2802 347 2866 de
362 2800 604 2866 Hotounevillc8
617 2799 850 2878 Normannurn,
863 2801 899 2864 in
913 2801 994 2864 festo
1013 2799 1124 2865 Sancti
1138 2799 1322 2876 Clementis,
1335 2820 1433 2884 prope

307 2887 474 2953 ecelesiam
498 2886 592 2952 Albae
616 2885 802 2971 Religionis,
822 2907 895 2969 quae
916 2886 1058 2951 Perisiue
1079 2891 1211 2952 vocetur
1234 2886 1357 2952 Gallice
1377 2887 1435 2950 Les

307 2973 406 3037 Bloce
426 2973 607 3037 Marsaeus.
651 2972 727 3056 Ipse
740 2991 815 3036 vero
829 2973 897 3036 dux
919 2971 1113 3056 Brugnudiae
1126 2972 1191 3037 fuit
1203 2978 1338 3056 patruus
1350 2973 1433 3058 regis

307 3058 422 3124 Kuroli
444 3057 548 3137 sexti;
570 3064 603 3122 et
627 3057 799 3142 predictus
819 3058 887 3122 dux
908 3058 1102 3144 Burgundio
1124 3065 1255 3143 propter
1278 3058 1434 3124 invidiam

307 3166 382 3210 eum
395 3144 565 3220 interfecit,
579 3149 619 3208 ut
632 3142 772 3227 regimen
785 3144 868 3228 regis
888 3151 922 3209 et
936 3146 1025 3230 regni
1038 3143 1189 3210 heberet:
1209 3149 1244 3210 et
1263 3144 1434 3231 proeslictus

306 3233 375 3297 dux
395 3229 628 3295 Aurilienensis
651 3235 719 3294 eret
741 3230 838 3295 freter
861 3230 944 3316 1egie
973 3251 1150 3316 germanus,
1175 3235 1208 3296 et
1231 3252 1330 3316 nepos
1355 3231 1435 3297 dicti

306 3318 403 3403 regis⁹
416 3316 616 3402 Burgundiec
661 3315 703 3381 In
716 3315 773 3381 illo
788 3316 898 3382 eodem
920 3337 1004 3382 enno
1022 3319 1045 3383 J
1046 3318 1162 3383 eeobus
1178 3317 1218 3384 dc
1232 3318 1349 3402 Resby,
1362 3319 1435 3383 Iol·

306 3405 423 3482 lsnius,
433 3401 644 3469 combustus²⁰
654 3409 704 3468 est
713 3410 841 3496 propter
850 3404 919 3488 ejus
932 3404 1086 3470 hereticos
1101 3405 1274 3489 opiniones.
1317 3405 1436 3471 Tenuit

306 3491 395 3557 enim
409 3487 510 3575 quie¹¹
525 3489 674 3555 dominus
687 3507 771 3574 pepe
785 3511 850 3555 non
864 3491 928 3555 fuit
941 3490 1078 3555 vicarius
1092 3491 1214 3556 Christi
1235 3491 1300 3556 nisi
1320 3491 1435 3557 fuisset

307 3582 446 3656 munus,
466 3597 541 3642 oum
562 3576 674 3642 multis
696 3576 768 3642 eliis
790 3577 992 3662 opinionibus
1014 3575 1111 3643 falsis.
1155 3577 1197 3642 In
1218 3577 1329 3644 eodem
1349 3598 1435 3642 nnnc

157 3687 211 3725 cn.
223 3675 290 3726 1405.
307 3663 463 3750 sequenti,
477 3661 536 3727 viz.
552 3671 592 3726 ΜΟ
604 3671 690 3728 cccc⁰
701 3661 771 3741 v⁰,²²
784 3663 906 3728 bellum
920 3663 960 3728 de
974 3663 1066 3749 Legis
1088 3665 1293 3730 commissum
1307 3671 1357 3730 est
1378 3685 1435 3749 per

307 3752 445 3818 eundem
459 3749 573 3815 ducem
587 3748 789 3834 Burgundio,
803 3750 861 3814 ubi
874 3750 970 3814 multi
983 3750 1019 3814 in
1032 3749 1116 3815 bello
1130 3751 1319 3816 ceciderunt
1356 3751 1436 3816 Eret

306 3839 394 3904 enirn
418 3857 527 3903 secum
548 3836 615 3901 dux
637 3834 813 3914 Bevericc,¹⁸
826 3843 916 3921 peter
936 3837 1053 3921 reginae
1074 3837 1225 3918 Franciae,
1240 3858 1312 3922 quse
1333 3844 1437 3903 meter

353 4023 404 4077 ¹0.
417 4025 447 4076 Ε
460 4026 522 4075 omit
532 4023 582 4074 ctis
592 4023 670 4074 word.
742 4021 793 4074 ¹0.
807 4023 837 4074 Ε
851 4021 976 4074 Burdelff.
1101 4019 1151 4074 ³0.
1166 4023 1196 4074 Ε
1210 4021 1330 4074 Welbek.

353 4093 404 4146 ⁴0.
418 4095 449 4145 Ε
464 4093 497 4145 de
509 4091 627 4146 Baitolo.
664 4093 696 4146 D.
710 4092 743 4145 de
756 4092 891 4144 Werdolff.
1102 4089 1114 4125 ⁶
1126 4093 1155 4144 0.
1168 4093 1198 4144 Ε
1212 4093 1247 4144 in

353 4163 575 4216 ‘Alteredlorii
744 4161 795 4215 ²0.
809 4163 839 4214 Ε
853 4162 1028 4230 Roynsldum.
1101 4159 1152 4215 ⁸0.
1167 4163 1199 4215 D.
1212 4163 1243 4214 Ε
1257 4163 1284 4214 Η
1300 4161 1432 4216 ttonville.

351 4233 402 4287 ⁰0.
416 4235 448 4286 D.
461 4235 492 4286 Ε
506 4234 587 4286 dude
730 4232 792 4284 1⁰13.
804 4234 947 4286 consultus
1090 4231 1111 4266 ¹¹
1124 4234 1152 4285 0.
1167 4233 1200 4285 D.
1214 4233 1245 4284 Ε
1258 4233 1336 4299 quod.

340 4303 362 4338 1²
374 4304 480 4356 altered
491 4311 516 4356 to
528 4307 562 4356 8⁹.

338 4373 360 4408 ¹³
376 4375 455 4426 lbere
472 4377 494 4425 s's
511 4374 597 4426 added
614 4374 679 4429 later
692 4377 719 4427 in
735 4377 844 4440 ncarpin,
857 4374 910 4426 ord
928 4377 955 4427 in
972 4373 1010 4436 R,
1024 4373 1077 4427 fuit
1095 4373 1177 4426 irater
1194 4373 1269 4426 nucu
1287 4372 1434 4426 Holcudiae.

303 4445 332 4498 B.
347 4445 395 4496 tos
407 4443 532 4497 Bcvmae.
