3282 5124
616 492 880 543 umaaocmvos.
1262 487 1322 548 167

195 651 404 738 temporibus¹
415 648 587 728 retroactis,
598 648 640 714 ad
654 649 857 735 saepedictam
872 649 1038 717 ecclesiam
1052 653 1230 718 Romarm
1244 676 1323 740 quo

195 743 246 806 vis
257 743 330 824 jure
340 739 503 825 pertinuit,
513 737 566 802 vel
579 737 718 821 pertinet
728 762 736 818 ;
755 739 944 822 quinymmo
958 739 1044 804 idem
1055 760 1190 824 regnum
1204 741 1323 807 Scociae

195 827 450 912 progenitoribus
464 825 543 889 dieti
564 825 647 908 regis
668 824 796 908 Angliae
815 825 938 890 domini
959 827 1060 891 nostri
1081 832 1178 911 atque
1199 827 1323 893 feodaIe

195 914 259 980 sibi
280 913 391 978 extitit
404 913 444 977 ab
459 911 599 994 antiquo.
642 911 676 974 N
676 931 711 974 ao
733 911 834 976 eciem
850 931 939 997 reges
961 912 1129 978 Scotorum
1143 920 1176 978 et
1188 934 1322 999 regnum

194 1001 252 1066 alii
266 1020 364 1085 quam
383 998 509 1084 regibus
523 997 650 1082 Anglise
671 997 869 1076 subiuerunt,
883 997 937 1064 vel
958 999 1063 1065 subici
1082 1005 1322 1067 consueverunt

195 1087 310 1172 Neque
330 1105 418 1172 reges
432 1083 560 1169 Angliae
573 1103 669 1168 super
679 1084 807 1168 juribus
828 1085 896 1150 suis
916 1085 952 1148 in
973 1105 1070 1170 regno
1090 1087 1252 1171 praedicto,
1266 1093 1324 1152 eut

196 1175 269 1240 eliis
288 1172 355 1238 suis
377 1170 614 1258 temporalibus,
635 1191 741 1236 coram
762 1169 871 1256 aliquo
889 1171 999 1255 judice
1018 1173 1245 1240 ecclesiastico¹
1266 1193 1324 1240 seu

196 1259 349 1338 saecrslari
374 1279 415 1324 ex
439 1258 540 1324 libera
567 1256 811 1342 preeminencie
839 1263 942 1324 status
971 1259 1065 1344 regiae
1089 1260 1265 1346 dignitatis,
1290 1267 1324 1326 at

195 1345 435 1413 consuetudinis
471 1345 595 1410 cuncus
623 1345 820 1428 temporibus
851 1345 1108 1430 irrefragabiliter
1143 1347 1324 1426 observate,

196 1433 437 1518 responderunt,
451 1437 508 1496 aut
521 1431 710 1515 respondere
731 1431 889 1496 deberent
935 1431 1039 1510 Unde,
1053 1433 1164 1499 habito
1185 1439 1322 1498 tractatu

196 1520 345 1604 diligenti
358 1525 392 1584 et
402 1517 631 1584 deliberacione
646 1537 741 1602 super
751 1517 911 1583 contentis
921 1519 957 1583 in
966 1519 1082 1585 vestris
1092 1520 1194 1585 literis
1204 1541 1324 1586 memo-

195 1607 282 1685 ratis,
293 1605 480 1683 communis,
491 1624 621 1670 concors
635 1609 668 1669 et
681 1604 853 1670 unanimus
867 1625 1038 1672 consensus
1053 1608 1198 1672 omnium
1212 1612 1244 1672 at
1258 1607 1327 1672 sin-

197 1694 345 1780 gulorum
362 1693 434 1768 fuit,
448 1698 507 1769 est,
521 1697 555 1756 et
576 1691 636 1757 erit
656 1691 852 1770 inconcusse,
865 1692 936 1758 Deo
950 1693 1100 1778 propicio,
1114 1692 1150 1757 in
1169 1694 1323 1771 futurum,

198 1781 284 1864 quod
312 1779 463 1865 praefatus
489 1777 637 1842 dominus
666 1784 774 1843 noster
798 1798 863 1856 rex,
887 1799 983 1864 super
1006 1780 1134 1864 juribus
1158 1781 1247 1866 regni
1273 1781 1325 1846 sui

198 1867 324 1943 Scooim,
352 1871 410 1930 aut
444 1865 516 1930 aliis
545 1865 612 1929 suis
647 1864 884 1949 temporalibus,
911 1865 1096 1932 nullatenus
1128 1867 1326 1952 judicialiter

197 1952 387 2038 respondeat
408 1972 515 2017 eoram
534 1951 635 2028 vobis,
649 1971 709 2016 nec
726 1951 887 2035 judicium
907 1953 1020 2018 subest
1034 1954 1252 2037 quovismodo,
1268 1959 1325 2020 aut

196 2041 270 2124 jura
284 2059 343 2104 sua
355 2039 508 2123 predicta
521 2037 557 2102 in
579 2037 714 2104 dubium
729 2037 883 2119 deducat;
904 2059 963 2104 nec
977 2038 1019 2104 ad
1035 2041 1240 2124 praesenoiam
1254 2061 1326 2106 vas-

198 2134 282 2190 tram
302 2124 364 2190 hac
385 2124 424 2190 de
448 2144 543 2190 causa
564 2131 780 2208 procuratores
802 2145 876 2190 suos
890 2125 1089 2191 transmittat
1101 2133 1160 2191 aut
1172 2126 1325 2192 nuncios:

198 2217 232 2277 et
253 2211 393 2276 maxime
415 2231 489 2276 oum
509 2211 545 2275 in
560 2209 847 2276 exhereditacione⁸
864 2211 947 2295 juris
966 2231 1089 2276 oomnae
1109 2212 1199 2297 regni
1220 2213 1271 2277 sui
1293 2217 1326 2277 et

199 2297 366 2382 dignitatis
379 2298 472 2382 regim
492 2297 657 2382 praemissa
674 2296 822 2362 cederent
835 2297 1011 2376 manifeste,
1023 2317 1147 2363 necnon
1160 2299 1196 2363 in
1209 2299 1325 2382 praeju-

199 2385 321 2449 dicium
341 2383 498 2449 libertatis
513 2389 546 2448 et
560 2383 829 2448 consuetudinum
843 2404 881 2449 ac
894 2383 1027 2468 legium*
1040 2385 1180 2470 regni,et
1193 2385 1230 2449 in
1251 2385 1326 2450 snb-

198 2471 345 2536 versione
359 2475 462 2535 status
477 2470 629 2555 ejusdem.
672 2469 726 2534 Ad
740 2490 875 2555 quorum
892 2471 1148 2536 observacionem
1162 2493 1203 2536 ex
1216 2471 1325 2537 debito

198 2557 334 2644 praestiti
352 2557 527 2642 juramenti
547 2555 680 2620 firmiter
702 2561 734 2621 et
756 2557 941 2622 solemniter
960 2557 1038 2623 fecti
1060 2557 1279 2643 astringimur⁵
1293 2563 1327 2623 et

198 2651 361 2723 tenemur3
380 2664 417 2708 ac
439 2649 507 2709 toto
529 2662 622 2728 posse
636 2647 842 2709 manutenere
862 2643 1083 2710 intendimus.⁶
1133 2644 1203 2711 Nec
1224 2646 1325 2710 eciam

197 2730 425 2816 promittimus,
434 2730 486 2795 vel
501 2730 602 2796 eciam
616 2729 848 2813 promittemus,
858 2730 943 2796 sicut
957 2751 1016 2796 nec
1031 2731 1186 2797 taliatam
1195 2731 1327 2796 insolita

199 2818 385 2903 promittens
406 2817 494 2882 licite
513 2817 673 2901 possimus
687 2821 745 2881 aut
758 2816 919 2885 debemus.
963 2816 1048 2895 Quo⁷
1063 2818 1147 2884 circa
1163 2818 1327 2883 sanctitati

196 2910 312 2970 vestrae
333 2909 512 2969 reverenter
532 2908 566 2969 et
584 2902 750 2968 humiliter
767 2904 985 2988 supplicamus
1006 2911 1165 2988 quatenus
1187 2904 1325 2970 eundem

197 2991 363 3092 dominum
384 2989 543 3092 nostrum⁸
561 3009 676 3090 regem,
691 2989 757 3075 qui,
770 2989 955 3092 interualios
976 2991 1216 3057 orbisterrarum
1237 2992 1325 3075 prin-

196 3075 1326 3250 tittdtsttttttttttttttmtttttfttitssst

195 3251 332 3316 nuoione
357 3256 391 3316 et
412 3249 644 3334 inquietudine,
665 3249 796 3334 pacifice
821 3251 940 3335 poterit
964 3251 1134 3336 possidere,
1156 3257 1188 3316 et
1213 3251 1325 3317 eadem

196 3336 344 3402 illibata1¹
359 3337 558 3422 benign[i]ns
572 3335 741 3421 persistere
755 3337 958 3421 permittetis.

240 3565 402 3652 §cotim
415 3568 661 3653 moimmsen
675 3567 845 3651 recursio
858 3567 943 3652 trote
957 3567 1088 3654 busita
1103 3570 1142 3639 ab
1158 3569 1281 3639 bobert

571 3677 810 3766 malm-ii.
826 3680 953 3748 xxxiiii.

198 3802 539 3896 &momssrmo
560 3830 597 3895 in
619 3828 746 3896 omero
759 3829 845 3914 pam
867 3835 900 3895 a
921 3830 1059 3910 comino,
1079 3829 1208 3898 sommo
1230 3829 1329 3894 nons-

198 3917 289 3994 facio‚
304 3916 415 3980 divina
435 3916 640 4000 providencia
663 3921 781 3982 sanctos
806 3916 959 3983 Romenae
975 3918 1116 3984 ecclesiae
1142 3924 1175 3983 et
1199 3917 1328 3983 univer-

199 4003 276 4069 salis
302 4023 427 4068 summo
452 4003 606 4087 pontifici,
630 4001 816 4082 Edwardus,
840 4003 951 4070 eadem
978 4005 1083 4090 gracia
1108 4025 1164 4069 rex
1192 4003 1328 4089 Angliae,

246 4189 300 4243 lii.
313 4189 510 4257 temporalibus.
546 4190 575 4243 0.
589 4189 618 4243 u
632 4192 693 4242 omit
705 4189 850 4241 retroactis.
1014 4187 1025 4222 ²
1038 4191 1068 4241 D.
1082 4188 1196 4242 ecclesis
1208 4189 1310 4240 attrito.

246 4260 297 4314 ⁸0.
312 4262 342 4312 Ε.
355 4261 569 4314 exheredocione.
639 4257 651 4295 ⁴
662 4260 691 4312 B.
705 4260 733 4312 0.
747 4261 778 4312 E
791 4259 886 4327 legum.
1012 4257 1063 4311 ⁵0.
1077 4260 1107 4312 u.
1117 4259 1327 4328 constringimur.

246 4330 301 4384 ⁰0.
316 4333 346 4383 Ῑ).
361 4333 391 4384 Ε,
402 4332 457 4384 add
467 4337 497 4384 et
507 4332 573 4384 totis
585 4330 685 4383 viribus
698 4347 759 4382 oum
772 4331 821 4382 Dei
833 4329 967 4397 adjutorio
978 4329 1118 4382 &tendere
1130 4329 1298 4383 intendimus.

248 4400 259 4436 ⁷
273 4403 303 4454 B.
317 4401 395 4470 Ergo.
641 4399 692 4453 ⁸0.
706 4401 736 4452 E.
750 4403 811 4452 omit
822 4405 950 4454 nostrum
1015 4397 1028 4433 ⁹
1040 4401 1068 4452 0.
1083 4401 1114 4452 Ε.
1127 4403 1162 4453 et.

240 4469 262 4506 ¹⁰
274 4473 302 4526 O.
316 4473 348 4525 E.
362 4476 423 4526 omi
436 4478 470 4526 st.
636 4469 657 4506 ¹¹
670 4473 698 4523 0.
711 4471 741 4522 Ε.
756 4471 838 4524 illata.
941 4468 964 4505 ¹²
975 4471 1002 4524 0.
1016 4471 1047 4522 E.
1060 4473 1122 4524 cruit
1133 4477 1329 4540 consequenter.
