3282 5124
318 489 378 549 188
695 497 1070 570 trenuruuscnuumsrs.

313 655 461 742 quamvis
475 655 517 721 ad
531 655 707 721 dominium
715 657 935 740 'pervenerint¹
945 655 1129 741 Anglorum,
1140 653 1220 732 ideo,
1232 653 1315 738 quia,
1326 673 1346 718 a
1356 659 1437 718 tem·

313 765 389 828 pore
419 742 587 808 constituti
615 763 727 808 census
752 741 945 827 hujusmodi,
970 743 1139 808 comitatus
1164 741 1309 826 predicti
1335 740 1437 805 Sectis

315 830 446 894 omnino
460 830 619 906 suberant,
634 837 666 894 et
680 830 726 894 sic
739 830 775 893 in
789 829 950 894 solucione
972 849 1085 894 oeneus
1107 827 1291 911 hujusmodi
1308 828 1438 892 omnino

315 917 413 982 libere
441 914 704 1000 permanserrmt.²
753 915 807 980 Ad
837 937 973 1000 quorum
998 915 1208 980 comitatuum
1232 933 1273 998 po
1295 913 1376 991 ulos,
1400 919 1439 977 ut

315 1009 391 1087 pote
413 1003 514 1067 Sectis
529 1002 695 1086 subjectos,
710 1022 774 1066 non
789 1002 853 1067 nisi
874 1024 931 1087 per
944 1004 1054 1068 Soctos
1076 1002 1195 1086 primos
1216 1001 1251 1064 in
1298 1002 1317 1014 ''
1356 1006 1439 1064 tem-

315 1087 459 1174 poribus⁸
472 1089 614 1154 doctores
628 1089 711 1166 fidei,
732 1096 859 1155 sanctos
880 1089 938 1153 via.
955 1089 1153 1166 Columbam
1166 1087 1350 1172 Aydanum,
1365 1084 1439 1151 001-

316 1181 470 1240 man‘num
492 1182 525 1240 et
547 1175 727 1252 Finianum,
745 1196 819 1240 cum
840 1175 911 1240 aliis
933 1195 1042 1241 comm
1063 1175 1166 1252 sociis,
1189 1173 1245 1238 diu
1267 1180 1440 1256 antequam

316 1262 358 1326 ad
378 1261 539 1347 Anglicos,
560 1263 678 1326 noticia
700 1261 775 1326 fidei
796 1260 984 1327 dinoscitur*
1004 1261 1195 1346 pervenisse,
1217 1267 1274 1325 aut
1299 1259 1439 1324 nominis

318 1348 438 1414 Christi
459 1348 601 1433 cognicio
611 1371 620 1428 3
632 1369 691 1413 nec
712 1349 747 1410 in
769 1348 902 1412 dubium
916 1353 1081 1414 revocatur
1094 1347 1180 1432 quod
1203 1367 1259 1412 rex
1273 1347 1439 1411 Scotorum

318 1434 496 1520 Gregorius,
521 1434 673 1518 Dougalli
701 1433 794 1511 filius,
822 1434 938 1500 totam⁵
963 1435 1025 1500 eibi
1053 1434 1224 1518 aliquando
1256 1433 1441 1518 subjugavit

316 1521 478 1605 Angliam‚
492 1520 578 1604 quod
592 1540 649 1604 per
663 1521 802 1585 cronicas
823 1521 964 1606 proprias
978 1522 1013 1585 in
1026 1520 1204 1606 Anglorum
1218 1521 1317 1604 gestie
1337 1520 1440 1584 mani-

212 1675 215 1680 A
317 1607 398 1672 leste
420 1607 592 1690 reperitur;
612 1607 668 1671 sed
689 1606 729 1670 de
754 1609 950 1674 successione
972 1606 1346 1683 ScotorumSaxonibus,
1367 1625 1440 1689 quie

318 1692 449 1757 omnino
474 1699 615 1776 negatur,
639 1692 822 1757 nullomodo
847 1694 926 1758 fides
950 1694 1094 1772 habetur,
1115 1694 1179 1758 nisi
1199 1714 1257 1778 per
1281 1692 1381 1758 solam
1406 1699 1440 1757 et

318 1779 440 1843 nudam
454 1779 536 1863 regis
550 1778 675 1863 Angliee
689 1779 864 1862 supradicti
878 1782 1095 1857 assercionem
1110 1786 1143 1845 et
1163 1800 1221 1864 per
1234 1781 1309 1844 fieta
1323 1785 1356 1843 et
1369 1798 1440 1842 sus·

377 1872 412 1929 ta
425 1884 484 1929 sua
497 1864 670 1930 domestica
690 1866 816 1949 scripta,
831 1866 871 1931 de
886 1867 1003 1951 quibus
1023 1867 1206 1932 nullatenus
1227 1866 1351 1950 ydonee
1366 1885 1440 1948 pro-

359 1952 408 2016 cic
429 1952 584 2036 reperitur
593 1971 651 2034 pro
664 1952 776 2036 seipso.
821 1953 883 2018 Sed
899 1974 957 2018 nec
970 1953 1065 2018 tactis
1083 1953 1257 2037 peripsum
1278 1951 1439 2016 miraculis

318 2036 372 2102 vel
395 2037 646 2103 revelacionibus
670 2039 773 2103 sancti
798 2039 886 2104 illius
912 2039 1104 2105 credendum
1129 2059 1197 2104 esse
1223 2038 1440 2104 committatur

317 2125 499 2204 autoritate;
513 2125 612 2190 eciam
627 2125 655 2190 si
669 2131 841 2190 marterum
861 2133 976 2205 essent,
991 2125 1137 2211 quamvis
1158 2125 1350 2210 praebantur‘
1362 2125 1440 2209 ipsae

316 2211 529 2276 revelaciones
544 2211 634 2276 adeo⁷
644 2213 840 2297 praecessisse
850 2212 874 2277 :⁸
896 2233 1030 2296 quarum
1044 2213 1192 2298 probacio
1207 2232 1246 2276 ex
1260 2211 1343 2296 regis
1356 2211 1440 2296 opis·

316 2297 385 2362 tola
399 2319 464 2362 non
478 2303 526 2364 est
541 2304 646 2379 certa3
667 2299 723 2364 sed
737 2320 796 2364 nec
811 2299 846 2363 in
860 2300 961 2364 nostri
974 2300 1125 2384 temporis
1135 2298 1266 2382 judiciis
1281 2304 1440 2374 consueta,

317 2405 355 2450 eo
385 2384 470 2468 quod
490 2384 527 2448 in
551 2385 699 2467 angelum
723 2386 805 2451 lucie
833 2385 964 2470 angelus
994 2386 1142 2451 Sathanee
1164 2405 1197 2450 se
1218 2384 1441 2449 transformare

317 2469 442 2555 legitur,
461 2475 495 2535 et
518 2471 607 2535 Sauli
628 2473 664 2535 in
687 2471 845 2537 Samuelis
866 2473 971 2556 specie
992 2473 1191 2557 respondisse
1212 2471 1440 2535 Phiconissam.

319 2555 507 2621 inauditum
530 2565 578 2622 eet
599 2559 685 2622 enim
699 2558 786 2642 quod
809 2579 951 2641 unquam
972 2560 1076 2624 fuerat
1096 2579 1199 2624 sermo
1220 2558 1256 2621 in
1277 2558 1387 2622 Soccia
1401 2557 1441 2621 de

317 2641 513 2707 revelacione
533 2643 600 2708 ulla
614 2645 698 2708 lacta
719 2644 769 2708 illi
790 2652 899 2709 sancto
920 2645 944 2710 J
945 2645 1072 2722 chunni,
1086 2666 1183 2729 quam
1196 2664 1253 2729 pro
1267 2664 1302 2708 se
1317 2643 1440 2708 domes-

318 2728 382 2792 tice
395 2749 451 2793 rex
461 2729 587 2814 Angliae
597 2729 721 2815 allegat.
765 2731 1026 2814 Verumptemen,
1036 2732 1112 2797 licet
1125 2729 1255 2816 allegat¹
1268 2731 1440 2814 peripsum

318 2835 424 2899 regem
438 2815 597 2892 miracula
608 2824 746 2900 gestave
760 2817 886 2901 singula
900 2817 987 2883 illius
1002 2821 1161 2901 temporis,
1172 2818 1299 2902 probari
1311 2822 1442 2902 possent

318 2905 397 2965 tunc
418 2920 493 2966 vera
517 2922 595 2979 ease,
620 2922 694 2966 cum
715 2902 754 2967 de
776 2903 862 2968 facto
883 2904 1089 2983 fuit¹⁰ialsa3
1115 2905 1190 2989 quia
1211 2911 1289 2968 tunc
1314 2901 1441 2968 abillis

318 2987 535 3054 vetustatibus
557 2989 687 3053 omnino
705 3009 863 3054 recessum
880 3010 948 3055 esee
969 2991 1152 3068 dinoscitur,
1166 2997 1200 3055 et
1213 3010 1233 3054 a
1246 2995 1387 3074 tempore
1401 2989 1441 3053 de

319 3094 384 3158 quo
409 3094 474 3138 non
498 3079 589 3140 extat
612 3076 763 3140 memoria
790 3077 937 3160 gaviam
962 3083 1011 3142 est
1035 3079 1142 3162 ipsum
1166 3097 1299 3163 regnum
1325 3077 1442 3140 Scociea

318 3159 501 3225 omnimoda
521 3160 678 3238 libertate,
692 3167 725 3226 at
745 3163 946 3248 praescripsit,
963 3164 1036 3248 jure
1057 3163 1220 3229 communi
1240 3164 1276 3228 in
1297 3162 1357 3227 hoc
1378 3161 1441 3226 sibi

319 3247 529 3332 suffragante
554 3246 601 3312 ita
623 3247 707 3332 quod
729 3248 872 3335 allegata
892 3255 1069 3315 vetustates
1094 3271 1151 3335 per
1172 3270 1277 3376 regem
1298 3247 1441 3326 etc.,¹¹si

211 3359 215 3367 ·
318 3353 401 3399 verse
412 3340 606 3412 essent,cum
618 3335 1197 3413 eiutfalsea‚sibimodolooumnomen
1229 3336 1442 3411 vendicarent,

318 3440 378 3485 nec
393 3427 442 3485 est
463 3420 509 3486 eis
532 3421 734 3507 aliquatenus
755 3421 988 3504 insistendum3
1013 3445 1050 3490 eo
1064 3425 1158 3509 quod,
1173 3423 1327 3489 manslato
1340 3421 1442 3507 ipsius
1482 3459 1487 3469 ·

318 3505 418 3592 partis
440 3507 555 3571 insulae
568 3508 715 3572 Albaniue
730 3508 870 3574 dominio
889 3509 925 3574 in
945 3509 1032 3594 ipsos
1054 3511 1173 3588 Scotos,
1187 3510 1271 3575 lacta
1292 3516 1342 3574 eet
1361 3507 1441 3594 legis

319 3598 353 3658 at
373 3593 455 3677 juris
480 3594 593 3678 primis
619 3596 768 3672 mutacio,
789 3617 861 3680 quae
884 3617 1009 3682 semper
1031 3603 1143 3682 postea
1167 3597 1315 3677 duravit3
1344 3600 1376 3661 et
1402 3615 1442 3660 ex

318 3679 502 3745 novissimis
517 3681 595 3746 actis
610 3689 644 3745 et
654 3683 759 3782 pactis
774 3683 962 3760 subsecutis,
977 3705 1049 3768 quae
1068 3683 1241 3768 spectanda
1254 3688 1340 3760 sunt,
1353 3682 1442 3747 dero-

318 3772 430 3851 gatum
447 3771 496 3832 est
516 3767 580 3832 hiis
601 3767 728 3852 scriptis
749 3789 805 3852 per
818 3789 931 3854 regem,
946 3790 1081 3854 quornm
1102 3769 1258 3854 probacio,
1271 3770 1325 3834 vel
1341 3769 1442 3834 eciam

303 3853 478 3931 memoria,
489 3873 553 3919 nou
563 3855 683 3919 existit.
715 3855 759 3920 Et
773 3861 821 3920 ast
833 3863 955 3920 certum
964 3855 1050 3940 quod
1064 3875 1197 3940 regnum
1209 3856 1326 3921 Scociae
1339 3875 1442 3940 nuper

317 3939 520 4005 convincitur
532 3940 631 4005 lirisse
644 3941 788 4019 liberum,
799 3942 927 4024 quando
942 3942 1021 4006 obiit
1035 3941 1169 4008 ultimus
1184 3963 1239 4030 pax
1254 3964 1332 4008 suus
1345 3941 1442 4006 Alex·

365 4113 375 4148 ¹
388 4114 417 4167 B.
436 4115 611 4182 pervenirent.
647 4113 675 4166 0.
694 4115 852 4181 perveniunt
869 4115 965 4166 altered
983 4121 1008 4166 tc
1025 4117 1186 4182 pervenient.
1224 4116 1255 4167 D.
1275 4116 1442 4183 pervenerint

318 4185 413 4238 uteret
424 4193 449 4236 to
461 4189 638 4250 pervenerant.
738 4182 751 4217 ¹
762 4186 789 4236 O.
804 4185 833 4236 R
848 4199 1036 4238 remanserunt
1125 4183 1137 4220 ¹
1149 4187 1176 4238 0.
1190 4187 1316 4254 partibus

365 4253 377 4288 ⁴
389 4254 418 4307 B.
432 4255 634 4308 demonstratur.
740 4253 751 4288 ¹
764 4254 793 4306 B.
806 4261 915 4306 tanum.
1126 4255 1178 4308 “R
1193 4257 1222 4308 u
1236 4258 1387 4324 probentur.

365 4323 419 4377 ill
432 4325 463 4376 a
476 4326 567 4378 aDeo.
740 4322 751 4357 ⁸
765 4326 793 4379 B.
806 4327 834 4378 O.
848 4325 877 4378 u
891 4326 1052 4392 processisse.
1126 4325 1178 4379 ”R
1192 4329 1220 4380 O.
1234 4327 1264 4378 E.
1277 4328 1397 4394 allegata

354 4393 375 4427 ¹⁰
387 4396 416 4447 B.
430 4395 491 4447 sint.
529 4397 559 4447 a
573 4396 679 4446 luerint.
1117 4395 1139 4432 ¹¹
1151 4397 1179 4450 0.
1195 4397 1225 4449 lt.
1239 4401 1300 4450 οηιίι
1311 4405 1360 4450 eto.

354 4465 375 4500 ¹²
387 4465 415 4517 u
429 4467 567 4518 memorie.
604 4467 632 4519 0.
648 4467 678 4518 E.
691 4465 805 4519 minime.
842 4467 874 4520 D.
889 4485 983 4520 nomeu
995 4469 1091 4521 uarat
1102 4469 1166 4520 laur
1177 4475 1202 4520 to
1213 4469 1326 4522 minime.
