3282 5124
609 516 870 565 umeroorsvus.
1254 508 1313 568 lte

197 672 341 738 &manc
362 673 493 739 ecclesie
513 678 591 739 tuno
611 680 753 754 recente,
770 694 879 740 cursus
899 675 1046 759 presidio
1068 675 1239 760 cujuslibet
1258 676 1313 741 de-

197 759 340 838 fensoris,
355 761 535 846 expositum
555 765 604 826 est
617 761 844 827 nichilominus
864 763 988 846 petenti
1008 762 1149 846 periculo
1169 783 1314 848 persecu-

198 846 298 911 cionis
319 855 353 912 et
372 847 590 912 tribulacionis
612 847 758 932 duplicis,
772 849 906 932 propriso
920 868 944 913 s
958 849 1119 914 intestinae
1141 849 1315 928 discordiae,

197 953 235 998 ec
256 933 474 999 infestacionis
495 933 673 999 extrinsioee
693 935 776 1019 regis
790 933 916 1018 Angliae
937 935 1103 1000 memorati
1124 941 1191 1000 tem
1204 936 1314 1012 vicini,

197 1025 275 1084 tunc
288 1021 391 1104 primo
404 1021 567 1106 impetisse
578 1020 619 1086 de
628 1040 712 1086 noro
725 1021 874 1099 nonnitus,
885 1027 918 1086 et
927 1020 1019 1098 illud,
1027 1021 1314 1107 expraeconceptis¹

95 1139 99 1148 ·
197 1107 340 1185 meliciis,
368 1107 562 1191 inquietasse
590 1107 717 1192 injuste,
746 1127 842 1191 super
863 1127 920 1172 suo
949 1113 1035 1174 stetu
1063 1109 1160 1193 priori
1182 1108 1313 1193 pecifioc

196 1192 313 1258 hebitae
334 1193 509 1274 libertatis3
533 1194 824 1278 subsequenterque
844 1193 995 1260 afflixisse
1015 1216 1081 1260 non
1101 1196 1204 1260 solum
1225 1196 1314 1280 regni

197 1279 297 1363 ipsius
311 1279 439 1358 incolas,
453 1279 651 1364 iteretisque¹
664 1277 824 1346 hostibus⁸
836 1280 947 1345 multis
964 1281 1152 1359 incursibus,
1166 1281 1313 1366 dampnis

196 1365 242 1431 et¹
255 1366 389 1450 injuriis,
403 1367 615 1451 gressibusque
637 1373 670 1431 et
689 1367 786 1432 variis
807 1366 970 1451 pressuris,
984 1387 1094 1432 verum
1116 1369 1216 1434 eciem
1233 1388 1312 1432 cusu

197 1453 355 1538 sacrilegii
365 1454 456 1538 regni
469 1453 621 1538 ejusdem,
631 1452 694 1518 Dei
707 1455 822 1519 timore
834 1455 1020 1538 postposito,
1030 1453 1134 1539 ipssm
1148 1454 1313 1519 ecclesium

195 1537 258 1603 Dei
271 1539 425 1604 tirannice
435 1540 597 1624 polluisse,
606 1539 745 1623 praelatis
760 1539 860 1606 eciem
870 1539 971 1625 ipsius
985 1541 1082 1626 regni,
1093 1540 1313 1606 ecclesiasticis

195 1624 239 1689 et⁶
260 1626 332 1690 eliis
356 1626 590 1691 venerabilibus
618 1627 768 1709 personis,
792 1626 878 1691 eliis¹
902 1627 999 1692 exilio
1028 1628 1120 1706 detis,
1141 1627 1213 1693 eliis
1234 1627 1312 1692 diris

194 1713 369 1777 carceribus
379 1712 577 1797 mancipetis,
588 1719 684 1796 atque
695 1712 734 1777 de
744 1713 935 1797 quibusdem
946 1713 1086 1779 ecclesiis
1099 1713 1188 1800 regni
1202 1733 1312 1798 supre-

195 1797 275 1864 dicti
282 1799 426 1864 faciendo
436 1819 588 1883 equorum
596 1799 745 1877 stubules,
754 1799 793 1865 de
804 1799 1035 1865 cathedralibus
1046 1801 1187 1866 ecelesiis
1198 1801 1311 1866 solem-

194 1885 298 1962 nibus,
312 1906 399 1951 more
421 1885 677 1965 Senuoenorum3
702 1891 743 1962 et,
759 1891 873 1970 praeter
892 1886 969 1964 haec,
990 1887 1162 1951 multarum
1184 1887 1311 1953 ecclesi-

166 1991 285 2035 ·erum
306 1971 453 2037 incendis
474 1971 520 2036 et⁷
541 1972 626 2036 dicto
651 1993 746 2056 regno
770 1993 827 2056 per
851 1993 924 2038 eum
949 1973 1116 2038 commissu
1142 1980 1175 2038 et
1199 1993 1310 2057 perpe·

193 2063 276 2122 truta
298 2065 437 2136 suntet
460 2059 531 2123 uliae
555 2058 813 2136 inhumenitetcs,
833 2059 959 2136 scelerae,
985 2065 1016 2123 et
1042 2058 1143 2123 caedes
1167 2059 1310 2138 infinitae,

194 2143 235 2208 de
257 2145 373 2227 quibus
394 2152 554 2224 tucemus3
579 2143 625 2210 et⁸
645 2145 731 2229 opud
752 2144 858 2209 sedem
879 2145 1092 2229 apostolicum,
1109 2150 1193 2210 certo
1215 2165 1310 2230 super

193 2228 254 2294 hoc
276 2236 396 2295 statuto
417 2231 553 2296 termino
577 2231 647 2306 sibi,
669 2249 726 2315 per
746 2251 820 2296 suos
845 2236 1059 2315 procuratores
1079 2232 1252 2296 instructos
1273 2251 1310 2296 so

193 2317 337 2393 nuncios,
352 2337 425 2382 cum
446 2318 513 2382 suis
530 2318 656 2402 juribus
677 2322 710 2382 et
731 2317 938 2382 munimentis
959 2323 1160 2402 compererat,
1181 2316 1221 2381 de
1238 2317 1310 2402 jure

193 2421 260 2480 suo,
281 2403 309 2467 si
330 2404 416 2489 quod
429 2403 464 2467 in
485 2401 544 2468 hoc
566 2403 681 2468 hebere
702 2405 908 2488 pretenderet,
929 2403 1053 2487 inipso
1075 2403 1193 2468 Sccciae
1214 2423 1310 2487 regno

193 2495 376 2556 ostensurus
401 2489 527 2566 ibidem,
550 2495 583 2553 et
599 2490 666 2574 juri
686 2491 846 2574 periturus
867 2487 913 2555 et⁹
933 2510 1094 2554 summum
1118 2489 1309 2575 pontificem,

192 2576 386 2640 ordinarium
400 2583 433 2641 et
442 2576 584 2661 judicem
594 2581 834 2661 competentem,
845 2577 928 2660 quod
940 2577 1021 2660 juris
1035 2581 1120 2642 esset
1132 2583 1199 2641 toto
1213 2596 1309 2661 regno

192 2661 336 2745 ejusdem
344 2687 353 2742 ;
373 2664 510 2748 negocio,
525 2668 679 2747 tanquam
693 2681 758 2727 uns
772 2663 810 2728 ds
825 2663 928 2728 causis
941 2662 1123 2747 majoribus,
1134 2663 1174 2727 ed
1189 2664 1308 2728 exami-

190 2748 357 2814 necionem
379 2756 412 2814 et
435 2749 626 2816 decisionem
642 2749 725 2814 sedis
746 2749 947 2834 Apostolioae,
960 2749 1085 2814 racione
1106 2750 1232 2834 praevie,
1252 2769 1309 2832 par

189 2833 298 2901 literas
323 2835 522 2920 Apostolieas
547 2841 691 2902 mvocutc
716 2835 905 2914 solemniter,
927 2857 946 2900 a
970 2835 1095 2900 decreto
1123 2835 1308 2920 Apostolioo

190 2918 257 2985 ns¹⁰
281 2922 361 3006 quid
384 2924 473 2987 fieret
497 2923 532 2986 in
551 2923 744 2988 contrarium
767 2921 999 2988 subsecutus:¹1
1024 2922 1110 2987 unde
1132 2922 1219 2987 idem
1241 2941 1307 2999 rex,

189 3008 320 3090 praefato
341 3006 413 3074 sic¹²
427 3013 546 3074 sucuro
560 3011 703 3085 termino,
717 3029 776 3074 uec
797 3028 974 3093 comparere
991 3010 1122 3086 cruorit,
1137 3015 1175 3073 ut
1188 3008 1307 3084 debuit,

190 3093 226 3158 in
248 3096 343 3173 curie,
357 3116 417 3162 nec
438 3095 478 3161 de
499 3115 557 3161 suo
567 3097 639 3180 jure
656 3093 853 3180 quicquum¹¹
867 3096 1029 3160 ostendere
1051 3095 1250 3172 sufficienter,
1264 3095 1306 3158 ed

190 3179 250 3245 hoo
270 3183 372 3246 eciem
393 3187 595 3267 expectatus;
622 3200 739 3266 ymmo,
761 3181 876 3266 elapsis
898 3189 1033 3266 quatuor
1051 3183 1212 3247 mensibus
1233 3187 1308 3266 post

189 3273 347 3332 statutum
360 3269 422 3334 sibi
436 3269 616 3346 terminum,
630 3270 698 3334 sine
711 3269 923 3354 procuratorio
936 3268 978 3332 ed
992 3287 1118 3333 oensem
1132 3269 1306 3333 necessario

189 3352 242 3415 vel
256 3353 471 3419 sufficienter¹⁴
485 3357 643 3432 mandato,
656 3354 784 3420 domino
797 3361 905 3421 nostru
919 3353 1047 3420 eidem¹¹
1061 3375 1185 3419 summo
1199 3353 1305 3439 ponti-

189 3437 243 3502 fici
263 3439 362 3503 solam
387 3461 478 3504 suem
498 3441 618 3505 nudem
639 3441 810 3506 destinavit
831 3441 1006 3526 epistolem,
1019 3441 1216 3524 prcbscionis
1236 3440 1306 3506 loco

189 3532 223 3589 et
244 3525 466 3592 declsmcionis
487 3527 661 3592 omnimodi
678 3528 760 3611 juris
781 3529 833 3591 sui
853 3527 938 3611 quod
960 3526 1023 3592 sibi
1042 3521 1200 3594 asserebat
1221 3547 1305 3592 com·

189 3611 306 3696 petisse
321 3613 356 3676 in
370 3634 465 3698 regno
480 3613 596 3680 Soociaa
614 3613 801 3698 supradicto.
845 3614 886 3678 In
901 3633 965 3696 que
978 3634 1037 3678 sue
1057 3614 1199 3698 epistole,
1212 3613 1305 3678 dissi·

188 3699 308 3762 miletis
323 3699 437 3764 callide
451 3700 629 3765 nacionibus
643 3704 676 3764 et
685 3699 811 3782 juribus
832 3699 1015 3764 certissimis
1029 3719 1086 3784 per
1098 3699 1308 3784 Apostolies¹¹

187 3787 277 3870 prius
298 3785 416 3870 scripte
436 3787 596 3870 expositis,
617 3785 698 3870 qui¹⁷
719 3785 808 3870 regni
832 3784 973 3869 ejusdam
999 3786 1115 3851 Scooiae
1139 3787 1305 3850 manifeste

188 3873 393 3956 comprobent
414 3871 556 3938 hobitum
575 3873 764 3949 libertatem,
777 3891 834 3954 pro
855 3871 1024 3955 pellinndis
1039 3893 1075 3936 ec
1090 3873 1190 3936 eciem
1211 3891 1306 3936 exou-

188 3959 297 4030 seudis
321 3958 450 4044 inipso
475 3979 569 4044 regno
592 3959 710 4025 Scooiae
734 3957 909 4023 commissis
933 3979 990 4042 per
1014 3960 1121 4042 ipsum
1146 3957 1304 4022 modernis

234 4147 245 4181 ¹
258 4149 286 4200 0.
299 4148 329 4200 E.
342 4149 485 4215 praeceptis.
605 4145 616 4180 ²
629 4149 656 4200 Ο.
667 4148 699 4200 D.
714 4149 743 4200 Ε,
754 4150 813 4198 canit
825 4165 883 4214 qus.
998 4145 1050 4198 ⁸13.
1063 4147 1211 4200 hostilibus.

234 4216 245 4250 ¹
258 4219 286 4270 B.
301 4219 327 4270 C.
341 4219 373 4271 D.
389 4219 418 4270 n
432 4221 491 4270 omit
503 4223 537 4269 et.
603 4215 615 4251 ¹
626 4218 654 4270 B.
669 4218 696 4269 0.
711 4218 741 4269 D.
755 4219 784 4271 R
798 4233 856 4284 que
993 4216 1081 4269 ¹nlius
1089 4218 1184 4269 altered
1196 4225 1221 4268 to
1231 4219 1298 4271 eliis.

234 4287 468 4341 ‘nonum
604 4285 655 4340 ⁸0.
669 4288 700 4340 D.
714 4289 745 4340 Ε.
759 4289 839 4354 qnod.
990 4285 1043 4338 οΒ.
1055 4289 1083 4340 Ο.
1097 4286 1130 4340 D.
1143 4287 1173 4339 Ε.
1186 4303 1239 4355 per.

222 4356 284 4411 ¹⁰0.
297 4359 327 4411 n
341 4363 401 4410 omit
413 4375 452 4410 ne.
593 4357 613 4391 ¹¹
625 4358 655 4410 0.
669 4359 699 4410 Ε.
712 4359 880 4425 subssqmto.
917 4360 948 4422 D.
962 4358 1110 4409 subsecuto.

223 4427 246 4462 ¹¹
257 4428 285 4481 G.
299 4429 329 4482 E.
342 4431 396 4480 add
407 4429 465 4481 sibi.
594 4425 614 4460 ¹³
627 4427 654 4478 G.
668 4427 698 4480 R
711 4445 876 4496 quemquem.
983 4425 1004 4461 ¹⁴
1017 4428 1046 4480 B.
1059 4427 1205 4480 sufficienti.

223 4497 245 4533 ¹¹
257 4500 285 4551 Ο.
298 4499 328 4552 Ε.
342 4499 447 4552 eisdem.
592 4495 614 4531 ¹⁰
625 4497 653 4551 O.
667 4499 697 4549 Ε.
712 4499 768 4550 cdd
779 4499 837 4552 sibi.
984 4495 1006 4532 ¹¹
1020 4498 1047 4550 O.
1061 4499 1090 4552 n
1104 4514 1168 4564 quse.
