3284 5122
648 523 743 572 neae
758 523 926 573 sumnus.
1310 513 1350 574 79

222 699 261 744 eo
274 679 340 746 fiat.
384 679 429 746 Et
441 679 573 765 insuper
586 680 694 746 omnia
714 679 835 764 placita
855 700 892 746 ac
914 678 1022 745 omnia
1043 679 1152 745 debita
1173 699 1245 765 quse
1266 679 1351 782 patri

222 785 294 832 meo
309 765 505 832 debebantur
515 766 645 832 omnino
655 767 808 844 condono,
818 767 872 832 uel
886 767 988 832 eciam
995 767 1087 832 fratri
1100 787 1191 847 me03
1209 774 1352 852 exceptis

221 853 317 920 rectis
331 853 440 931 firmis,
454 861 487 918 et
508 853 610 920 eciem
630 853 773 939 exceptis
793 853 860 918 illis
882 853 1087 938 debitisque
1106 857 1203 938 pacta
1220 853 1353 919 luerunt

221 959 280 1025 pro
301 939 437 1005 aliorum
457 939 697 1018 hereditatibus,
711 939 765 1006 vel
786 941 929 1024 exceptis
942 939 1022 1004 illis¹
1035 938 1166 1025 quibus⁸
1177 941 1265 1024 juste
1279 939 1352 1006 aliis

220 1021 458 1111 contingebant,
482 1031 516 1092 et
545 1027 575 1092 si
602 1026 720 1111 aliquis
747 1046 805 1112 pro
830 1026 1006 1092 hereditate
1030 1046 1090 1092 sue
1114 1026 1238 1110 aliquid
1261 1027 1353 1111 pepi·
1411 1047 1416 1058 ·

221 1113 311 1196 gerit,
322 1119 357 1178 ct
370 1113 473 1179 eciam
486 1133 596 1178 omnes
610 1113 823 1179 relevaciones
838 1133 910 1198 quae
931 1133 989 1198 pro
1010 1113 1106 1178 rectis
1120 1112 1353 1178 hereditatibus

220 1205 323 1284 psas
337 1204 437 1265 erant.
465 1200 552 1265 Etsi
566 1199 641 1284 quis
654 1201 809 1265 baronum
819 1201 873 1265 vel
883 1199 1019 1266 alionum
1030 1199 1198 1265 hominum
1208 1219 1352 1266 meorum

222 1285 445 1364 infirmabitur,
466 1287 551 1352 sicut
578 1287 648 1372 ipse
671 1287 863 1371 disposuerit
889 1286 964 1352 dare
992 1287 1160 1370 pecuniam
1183 1306 1284 1364 susm,
1304 1287 1352 1351 its

223 1371 334 1437 datum
359 1393 428 1439 esse
453 1372 598 1438 concedo.
642 1372 678 1438 Si
691 1393 767 1438 vero
791 1371 877 1438 bede
897 1372 952 1438 uel
969 1373 1155 1437 infirmitate
1177 1373 1250 1456 quis
1271 1393 1352 1457 prae-

223 1465 395 1543 ocmpams
409 1459 572 1538 fuerit,ita
585 1459 671 1543 quod
685 1463 914 1524 testamentum
935 1479 1001 1524 non
1021 1457 1210 1524 condiderit³
1221 1463 1255 1524 et
1267 1459 1353 1524 bone

223 1564 281 1610 sua
292 1545 370 1610 nou⁴
379 1545 580 1630 disposuerit,
589 1565 670 1610 uxor
678 1547 747 1629 ejus
763 1550 796 1610 et
809 1544 903 1610 liberi
912 1543 963 1610 vel
971 1549 1127 1630 parentes,
1136 1565 1210 1610 cum
1218 1544 1353 1610 homini·

223 1631 284 1696 bus
299 1632 367 1697 suis
392 1632 556 1717 legitimis,
569 1633 652 1697 bona
678 1652 737 1698 sua
761 1631 904 1717 legitime
929 1631 1108 1716 disponent,
1123 1637 1156 1696 et
1177 1652 1234 1716 pro
1249 1631 1353 1698 salute

223 1717 339 1784 anime
360 1739 427 1784 suec
448 1719 532 1784 deut
553 1718 669 1784 melius
683 1717 790 1783 rmum
803 1719 901 1783 fuerit
921 1717 968 1784 eis
989 1717 1186 1802 provideant.
1229 1718 1265 1783 si
1279 1719 1353 1802 quis

223 1811 331 1870 autem
345 1805 500 1870 baronum
511 1803 564 1870 vel
584 1804 753 1870 hominum
765 1825 909 1870 meorum
921 1805 1025 1890 'pones
1039 1825 1091 1870 me
1105 1801 1248 1889 eliquod³
1261 1804 1353 1869 ioris·

222 1890 344 1956 iactiun
358 1891 561 1970 commiserit,
574 1891 752 1958 secundum
766 1891 954 1976 qualitatem
968 1896 1001 1956 et
1015 1891 1229 1976 quantitatem
1243 1889 1353 1956 delicti

222 1977 406 2044 emendabit
414 2002 423 2058 ;
444 1999 503 2044 nec
517 1998 574 2062 per
587 1979 719 2044 vadium
733 1977 883 2043 bellicum
901 1977 1096 2063 purgabitur,
1111 1977 1195 2044 siout
1208 1976 1354 2042 solebant

222 2069 366 2149 tempore
387 2065 487 2150 patris
509 2063 586 2130 mei⁶
606 2072 640 2130 et
660 2065 795 2130 aliomm
817 2071 1051 2130 antecessorum
1071 2083 1223 2129 meorum.
1266 2063 1309 2128 Et
1324 2064 1353 2129 si

169 2163 175 2172 ·
221 2151 364 2235 perfidias
384 2152 437 2216 vel
458 2149 588 2216 alterium
610 2150 752 2216 criminis
774 2149 920 2238 contagio
948 2150 1114 2216 convictus
1142 2149 1248 2228 fuerit,
1269 2149 1354 2215 sicut

219 2237 347 2322 justum
361 2237 458 2302 fuerit
472 2237 662 2303 emendabit
689 2237 807 2304 Omnia
817 2258 892 2302 vero
903 2237 1037 2302 crimine
1048 2237 1088 2302 de
1098 2241 1163 2301 tem
1206 2255 1240 2301 re
1249 2241 1354 2300 trans-

223 2329 295 2388 acto
317 2329 392 2388 ante
413 2328 541 2408 tempus
561 2324 777 2390 coronationis
797 2343 877 2389 meas
897 2324 1026 2388 remitto
1047 2327 1081 2387 et
1102 2342 1161 2387 con
1203 2343 1255 2400 no,
1280 2341 1353 2408 quse

223 2407 288 2474 hiis
313 2409 510 2495 temporibus
531 2409 657 2475 merent
681 2415 879 2512 perpetem
900 2415 932 2475 et
952 2429 989 2474 ea
1010 2429 1083 2494 quae
1104 2407 1253 2492 deinceps
1274 2406 1354 2472 fient

219 2495 358 2580 juridice
379 2501 473 2562 erunt
494 2496 617 2580 punita
631 2503 664 2563 et
681 2505 770 2582 Juste
783 2497 962 2574 reformata,
974 2495 1149 2560 secundum
1163 2494 1248 2580 leges
1269 2495 1352 2578 regis

223 2583 381 2650 Edwardi.
423 2583 569 2648 Forestss
584 2603 658 2649 vero
679 2584 715 2648 in
735 2603 835 2648 manu
848 2603 920 2648 mea
933 2583 980 2648 its
993 2581 1092 2648 libere
1108 2579 1353 2667 [con]servsndo

222 2670 346 2748 tenebo,
361 2669 447 2735 deut
467 2669 503 2735 in
523 2677 588 2735 tem
612 2669 719 2735 oribus
741 2669 841 2754 petris
864 2669 929 2734 mei
950 2669 1088 2746 fuerunt,
1102 2689 1160 2754 per
1181 2667 1353 2733 consilium

221 2755 377 2822 baronum
398 2777 550 2822 meorum
623 2761 639 2820 t
659 2777 769 2821 omnes
790 2755 911 2822 milites
925 2763 1024 2820 terres
1044 2775 1117 2820 suas
1132 2755 1229 2820 armis
1243 2753 1355 2819 defen-

223 2843 392 2921 denteque
403 2863 513 2908 omnes
527 2842 636 2943 glebas
650 2847 742 2908 terrae
753 2842 895 2908 ecclesiis
904 2847 937 2908 et
948 2843 1018 2908 Deo
1029 2841 1242 2907 servientibus
1253 2840 1354 2918 datas,

224 2931 265 2995 ab
274 2926 423 2995 omnibus
432 2929 667 3008 exaccionibus,
676 2929 814 3007 tributis,
822 2929 979 3014 gilde-giis,
987 2929 1131 3014 pedagiis
1140 2933 1173 2994 et
1181 2925 1354 2992 theloneisi

222 3017 339 3082 liberae
353 3035 422 3082 esse
437 3015 584 3096 concedo,
598 3036 658 3082 nec
673 3015 713 3081 de
727 3035 821 3100 opere
835 3015 945 3081 servili
959 3035 1069 3081 eorum
1082 3015 1228 3080 homines
1242 3013 1354 3078 vexari

223 3103 366 3184 volo;ut
377 3102 475 3167 michi
484 3103 679 3187 propicietur
686 3102 866 3187 benignitas
875 3101 1098 3168 misericordia
1106 3101 1210 3168 Jhesu
1220 3099 1354 3180 Christi;

222 3189 302 3275 ipsis
311 3189 511 3255 servantibus
521 3188 710 3254 fidelitatem
719 3189 860 3255 debitam
868 3187 968 3254 michi
979 3194 1012 3254 et
1021 3187 1255 3254 successoribus
1263 3187 1353 3264 meis,

156 3277 160 3288 '
224 3283 258 3342 et
277 3275 448 3342 servicium
468 3275 613 3342 debitum
632 3275 732 3342 micbi
754 3277 948 3354 ministrant,
965 3281 1033 3340 tam
1059 3275 1099 3339 ad
1125 3271 1356 3340 defensionem⁸

221 3363 312 3448 regni
325 3363 390 3428 mei
403 3383 501 3448 qnam
512 3361 613 3439 aliter,
623 3368 662 3426 ut
671 3361 756 3440 licet,
765 3363 856 3428 decet
867 3371 901 3429 et
911 3361 1048 3446 expedit
1093 3361 1252 3427 Omnibus
1263 3359 1353 3424 dein·

223 3469 299 3534 ceps
313 3469 423 3534 pacem
436 3469 540 3514 meam
551 3449 703 3530 conoed03
717 3455 751 3514 et
760 3449 926 3532 justiciam
939 3453 1058 3514 rectam
1067 3445 1135 3512 fieri
1142 3447 1253 3531 jubeo;
1266 3445 1353 3531 leges

224 3536 343 3602 servari
357 3535 524 3621 praecipio;
545 3535 721 3620 privilegia,
732 3536 806 3620 jura
820 3535 867 3600 et⁹
880 3535 1044 3600 libertates
1066 3533 1208 3600 ecclesiae
1224 3531 1355 3610 Christi,

222 3625 291 3688 tam
308 3623 462 3708 religiosis
476 3641 574 3707 quam
596 3622 841 3706 quibuscunque
862 3621 934 3687 aliis
955 3621 1099 3706 personis
1122 3618 1353 3696 ecclesiasticis,

222 3709 452 3775 inviolabiliter
466 3708 635 3785 observari,
649 3709 733 3773 sicut
746 3729 804 3792 per
817 3713 920 3773 carus
941 3707 1043 3794 regias
1058 3714 1091 3774 et
1105 3705 1352 3772 consuetudines

221 3795 370 3881 antiquas
391 3795 537 3860 solebant
558 3795 726 3872 observari,
739 3795 849 3860 stricte
870 3795 1082 3880 praecipiendo
1103 3792 1238 3872 mendo;
1257 3796 1291 3855 et
1312 3809 1353 3854 ne

222 3881 1037 3968 u

265 4054 410 4140 Explicit
423 4056 516 4139 copia
537 4061 631 4120 certae
645 4053 884 4140 privilegiorum
897 4054 1031 4140 Anglise‚
1046 4073 1118 4139 ques
1139 4049 1305 4137 privilegis
1319 4055 1353 4114 et

257 4277 382 4334 ¹c.i111s
605 4277 656 4332 ¹0.
670 4279 701 4332 R
714 4296 780 4347 quse.
991 4277 1043 4332 ³0.
1056 4278 1089 4330 D.
1102 4277 1229 4330 conderit.

257 4348 308 4402 ⁴0.
323 4349 353 4401 E.
367 4352 429 4401 oniit
439 4366 500 4402 non.
607 4347 661 4401 ‘a
675 4351 782 4417 diquid.
993 4347 1046 4404 ⁶0.
1059 4349 1090 4401 Ε.
1103 4365 1175 4401 mese.

257 4418 269 4457 7
281 4419 421 4473 tholomeis
433 4419 530 4472 abacti
540 4425 565 4472 tc
577 4419 714 4472 theloneis.
750 4421 782 4474 D.
795 4419 941 4474 tholomeis.

177 4509 185 4522 ·
256 4487 307 4546 ⁸0.
320 4491 512 4544 didenoicnsm.
548 4491 581 4544 D.
595 4491 783 4544 defensionem.
985 4487 1037 4544 ⁹0.
1051 4489 1081 4542 Ε.
1095 4491 1155 4542 osuit
1166 4493 1201 4542 et
