3282 5124
613 497 710 546 LIBER
724 495 879 546 octavus.
1265 485 1327 546 159

194 655 364 733 excitatns,
379 660 412 722 et
426 655 600 722 efficaciam
612 655 782 720 verborum
799 655 870 738 ejus
890 653 927 718 iu
947 655 1076 718 tantum
1096 651 1329 740 incorporando

196 743 385 828 ponderans,
400 742 439 808 ds
454 743 610 808 eminenti
622 741 763 828 periculo
782 741 825 806 ad
846 739 969 806 tuciora
981 739 1114 806 viioula¹
1127 741 1279 826 fugiendo
1293 761 1329 808 se

196 829 373 910 transtulit,
387 837 429 907 et,
443 829 616 896 animosior
629 829 770 906 effectus,
784 827 893 894 omnio
906 827 1005 892 verba
1024 826 1093 894 baec
1107 827 1271 894 conferens
1292 829 1328 892 in

197 916 427 994 condemned
448 937 555 982 amara
576 914 695 980 litoria¹
708 914 866 980 bellorum
887 934 922 980 sa
944 914 1149 998 proponendo
1170 915 1330 1000 disposuit

198 1003 348 1083 semite3⁸
372 1008 414 1080 et,
440 1023 514 1068 cum
539 1001 702 1068 excelsum
730 1003 875 1066 animum
897 999 979 1065 vilia
999 1021 1066 1066 non
1091 1001 1262 1080 maculent,
1287 1002 1328 1066 ab

199 1089 347 1155 omnibus
357 1089 552 1174 juvinilibus
565 1089 690 1154 actibus
705 1096 738 1154 st
751 1087 930 1154 inhonestis
939 1087 980 1153 de
990 1087 1100 1172 inceps
1114 1108 1149 1154 se
1163 1089 1330 1166 abstineut,

199 1197 244 1254 ac,
259 1176 301 1241 ed
314 1175 431 1242 alciora
451 1175 595 1253 tendens,
609 1175 754 1240 animum
767 1196 807 1240 ex
823 1180 891 1239 toto
913 1173 1088 1239 extollebat
1096 1199 1106 1254 3
1132 1180 1253 1240 etcum
1267 1173 1330 1240 hoo

200 1262 477 1347 importunitatem
496 1268 530 1330 et
551 1262 713 1328 assiduam
760 1262 790 1275 ''
855 1261 947 1342 ciam,
967 1281 1040 1345 quae
1064 1261 1266 1326 insortuium⁴
1288 1261 1330 1326 da

200 1351 305 1434 patria
317 1349 482 1434 effugant,¹
496 1371 554 1434 par
566 1355 692 1414 montes
715 1354 748 1414 et
761 1349 799 1414 cd
824 1369 858 1414 as
872 1353 970 1432 atquo
984 1346 1138 1412 silvarum
1151 1353 1185 1412 et
1198 1347 1329 1431 rupium

201 1435 310 1501 abdita
323 1436 471 1502 latibuls⁰
484 1456 559 1501 cum
573 1455 656 1520 sagro
669 1435 759 1502 victu
773 1440 806 1500 st
820 1455 930 1519 aspero
944 1434 1065 1501 vestitu
1079 1455 1114 1500 sa
1127 1434 1331 1512 obumbrans,

201 1522 244 1586 ed
265 1523 404 1608 patriam
426 1523 466 1590 de
480 1523 621 1588 inimicis
643 1520 888 1600 deliberandam,
907 1541 982 1587 cum
1002 1521 1070 1586 suis
1090 1520 1274 1588 nvenubue
1296 1529 1331 1586 et

202 1609 506 1761 fflff'ffpmmiti
544 1609 634 1760 ξίιὲω
653 1629 729 1674 vero
751 1608 882 1693 quidam
907 1607 1081 1759 Johepnes·
1097 1607 1271 1760 Sebrpelppelli
1291 1615 1332 1708 et

203 1788 301 1860 emi,
315 1716 533 1848 ,effluit
555 1715 838 1866 unffi
851 1715 1179 1860 ltttltn
1199 1715 1331 1847 ,itti

202 2041 326 2106 Wellns
348 2047 455 2108 custos
470 2042 587 2108 Soooiae
601 2041 728 2126 proprio
741 2001 833 2105 motu
847 2046 880 2106 et
893 2045 1067 2124 spontance
1080 2039 1247 2106 voluntate
1261 2060 1331 2106 essa

204 2126 341 2206 debuit,¹⁰
355 2135 387 2194 ct
400 2129 424 2194 J
424 2128 566 2194 ohannes
581 2129 745 2213 Oummyn
756 2127 793 2192 in
806 2126 876 2192 loco
890 2125 985 2212 ejus¹¹
999 2146 1068 2192 asse
1081 2125 1211 2211 incepit

210 2420 371 2505 §slata
384 2424 420 2492 bt
434 2423 556 2506 braum
570 2423 609 2492 ab
624 2423 818 2492 instandum
831 2421 917 2506 aspis
930 2421 1075 2504 gessa
1088 2441 1183 2506 rinno
1196 2421 1319 2504 §saria

297 2543 351 2608 pst
366 2523 555 2594 &lumbam
568 2543 668 2610 tratur
682 2522 813 2608 antlia
826 2519 1104 2592 maaian-o.
1122 2523 1232 2610 [arba

204 2673 562 2772 prorumperem
575 2697 718 2764 nancte
738 2695 802 2762 tm
823 2695 1020 2781 tenporibus
1039 2697 1129 2763 mut
1143 2697 1275 2763 renum
1289 2697 1329 2764 us

202 2787 323 2872 Monsy
337 2793 369 2854 et
390 2787 573 2853 Johannem
594 2785 635 2852 ds
655 2785 763 2850 Bonis
785 2783 826 2848 ad
846 2802 953 2884 regem
973 2781 1108 2868 Angliae,
1128 2805 1187 2870 pro
1208 2785 1329 2871 treugis

201 2895 297 2959 regno
313 2875 431 2940 Scooiae
452 2873 643 2960 optinendis,
658 2891 730 2957 quse
742 2891 800 2955 pro
815 2869 948 2934 dimidio
961 2870 1059 2935 unius
1073 2871 1151 2934 anni
1172 2889 1329 2937 concessae

200 2967 329 3026 tantum
354 2966 451 3026 erant
511 2959 574 3025 Sed
598 2965 707 3024 temen
734 2975 868 3042 regnum
892 2955 1019 3042 Angliae
1043 2956 1107 3022 hiis
1132 2959 1329 3042 temporibus

201 3047 345 3113 solvebat
359 3047 521 3132 quandam
535 3046 690 3112 decimam
707 3043 743 3108 in
756 3063 852 3128 regno
873 3048 1017 3107 taxatam
1037 3063 1095 3128 per
1108 3044 1239 3109 modum
1253 3045 1329 3110 sub

201 3135 277 3198 sidii
298 3143 408 3200 contra
434 3136 562 3213 Scotos;
586 3137 628 3210 et,
648 3152 690 3196 na
715 3136 842 3214 treugas
864 3128 1074 3194 concederet¹⁸
1094 3137 1188 3214 pecto
1210 3131 1327 3196 conioe·

202 3220 387 3299 dotacionis,
414 3241 472 3286 rex
506 3219 641 3304 Anglias
670 3223 745 3282 ants
781 3215 1110 3282 conloederacionem¹⁴
1137 3220 1329 3302 treugarum,

202 3307 330 3371 nunciis
351 3307 434 3391 regis
455 3306 597 3372 Francioe
617 3304 802 3368 insinuabat
816 3309 849 3367 st
870 3301 995 3366 fatere¹⁶
1008 3301 1227 3386 compellebat,
1241 3303 1327 3388 quod

201 3393 271 3476 ipse
286 3393 485 3458 temcionem
498 3391 692 3456 decimarum
706 3388 998 3466 ecclesiasticarum,
1013 3408 1110 3472 quam
1125 3389 1203 3454 alias
1218 3397 1330 3455 contra

202 3479 314 3554 scotos
328 3479 560 3564 impugnandos
573 3477 678 3544 levare
692 3475 829 3552 volebat,
842 3495 907 3539 non
921 3475 1121 3540 obstantibus
1135 3475 1231 3542 dictis
1241 3482 1328 3542 treu-

201 3585 314 3650 garum
335 3563 599 3641 concessionibus,
623 3562 729 3628 levare
750 3560 862 3627 voluit.
906 3561 1000 3638 Quod
1022 3561 1188 3628 audientes
1210 3563 1328 3629 Scooiae

202 3651 359 3731 custodes,
373 3651 459 3736 quod
479 3671 536 3717 rex
550 3650 686 3734 Angliae,
699 3647 912 3714 decimacions
927 3647 1003 3713 cleri
1017 3648 1107 3734 regni
1121 3649 1181 3728 sui,
1272 3671 1327 3714 um

203 3739 321 3804 Scociae
335 3758 376 3803 sx
388 3746 456 3804 toto
471 3738 651 3803 subvertere
666 3740 700 3800 et
713 3755 778 3800 suaa
792 3733 911 3798 dicioni
932 3735 1119 3800 submittere
1132 3735 1223 3801 luten
1246 3736 1328 3815 ebat,

202 3825 372 3892 confestim
386 3824 541 3910 quosdam
562 3822 692 3890 clericos
713 3819 871 3898 nobilest
891 3821 953 3886 viz.
975 3821 1188 3906 magistrum¹⁷
1203 3821 1328 3888 Willsl-

248 4035 256 4070 ¹
270 4035 299 4088 R
314 4035 343 4088 0.
356 4035 387 4086 Ε.
398 4033 510 4086 vincula.
626 4029 678 4082 ²0.
692 4029 777 4082 litora
814 4030 845 4082 Ε.
854 4029 940 4082 liuore.
1012 4027 1065 4082 ⁸0.
1080 4029 1111 4082 Ε.
1124 4031 1184 4082 οπιὶε
1195 4029 1296 4083 semita.

248 4105 301 4158 ⁴1³.
316 4103 498 4157 infortunium.
623 4099 675 4153 ⁸0.
689 4101 719 4152 Ε
732 4101 858 4168 effugant
1399 4113 1401 4120 ’

248 4175 300 4228 ⁰0.
313 4174 439 4229 letabuln
475 4174 508 4226 D.
521 4170 912 4226 latabulaaltcredtolatibuln
1009 4167 1064 4222 ⁷1).
1078 4169 1249 4222 infortunom.

248 4246 260 4282 ⁸
272 4249 300 4300 Ο.
313 4246 346 4298 D.
363 4245 393 4299 Ε.
407 4245 531 4297 accidere.
661 4239 673 4275 ¹
685 4241 713 4294 G.
726 4240 756 4292 Ε.
766 4241 830 4292 baeo.
1001 4235 1024 4273 ¹⁰
1035 4240 1064 4292 0.
1078 4239 1108 4292 Ε.
1122 4239 1226 4291 desivit.

238 4317 259 4352 ¹¹
272 4317 300 4372 0.
315 4316 347 4368 D.
357 4317 387 4368 Ε.
400 4315 455 4368 odd
466 4319 563 4368 castos.
651 4307 673 4345 ¹¹
684 4311 716 4366 D.
730 4313 797 4364 odda
808 4315 857 4364 ate.
1004 4307 1025 4344 ¹³
1037 4311 1065 4363 0.
1079 4309 1109 4362 lt
1123 4309 1273 4362 concedent.

238 4385 260 4422 ¹⁴
273 4389 303 4440 0.
317 4387 347 4440 lt
360 4384 558 4438 concessionem.
652 4378 675 4414 ¹⁶
685 4382 714 4434 0.
728 4381 757 4434 Ε.
770 4382 864 4436 lacere.
1001 4379 1023 4414 ¹⁰
1035 4381 1064 4436 (l.
1078 4380 1110 4433 D.
1126 4381 1156 4432 Ε.
1173 4381 1308 4436 notabiles.

238 4456 260 4494 ¹¹
273 4458 302 4510 Ο.
316 4457 346 4510 Ε
361 4457 501 4524 magistros
512 4454 567 4506 aad
577 4455 637 4507 omit
649 4453 696 4504 vir.
