3282 5124
644 483 738 530 multu
754 483 908 531 OCTAVUS.
1283 471 1345 531 203

212 648 286 728 post
306 662 400 708 sunm
420 640 600 726 passionem
614 645 648 705 et
661 640 935 718 resurreccionem,
948 639 1044 725 ipsos,
1056 641 1094 705 in
1107 639 1232 706 ultimis
1253 645 1346 706 terrm

212 730 331 795 finibus
348 729 548 806 constitutos,
562 727 655 812 qussi
668 727 788 812 primos
802 727 844 794 ed
859 747 951 793 suem
965 735 1109 793 sanctam
1123 729 1220 794 fidem
1235 728 1344 794 retho-

211 817 308 883 licem
329 815 517 882 convocavit
524 837 535 896 ;
559 835 619 881 nec
642 815 742 880 eciam
768 835 821 880 eos
846 833 903 899 per
924 813 1025 879 ulium
1045 815 1082 880 in
1103 835 1163 880 sua
1183 815 1247 881 fide
1270 834 1346 879 con·

211 905 336 969 firmare
350 903 463 980 voluit,
477 901 542 968 nisi
555 922 612 986 per
624 901 847 967 beatissimum
868 902 1048 986 apostolum
1062 921 1159 966 suum
1172 901 1347 979 Andream,

214 991 301 1056 Petri
315 989 469 1075 principis
490 989 707 1073 apostolorum
720 987 929 1073 germanum,²
943 989 1091 1072 quemvis
1106 988 1218 1053 ordine
1232 1009 1345 1054 secum

213 1077 292 1142 dum
312 1076 366 1141 vel
387 1074 544 1155 tercium,²
568 1096 665 1160 quem
686 1094 812 1159 semper
834 1074 995 1141 Christus⁸
1015 1095 1151 1159 praeesse
1171 1076 1285 1152 voluit,
1306 1081 1347 1140 ut

213 1172 321 1250 postor
342 1167 376 1229 et
396 1171 568 1246 patronum
596 1162 665 1228 haec
686 1169 796 1227 autem
820 1161 1015 1226 sanctissimi
1036 1167 1143 1246 patres
1165 1167 1198 1227 et
1223 1161 1346 1247 prede-

213 1271 350 1317 cessores
375 1250 475 1315 vestri
503 1249 642 1315 sollicita
669 1255 778 1314 mente
805 1253 987 1332 pensantes,
1011 1248 1120 1333 ipsum
1148 1269 1283 1334 regnum
1311 1254 1346 1313 et

211 1337 377 1424 populum,
398 1337 446 1402 sic
464 1335 654 1401 miraculose
676 1355 866 1400 conversum
886 1340 920 1400 et
941 1335 1173 1413 confirmatum,
1194 1341 1233 1400 ut
1256 1335 1345 1400 beuti

213 1425 302 1490 Petri
325 1422 470 1510 germani
505 1422 678 1508 peculium,
705 1421 818 1486 multis
853 1421 1031 1506 privilegiis
1060 1429 1094 1488 et
1121 1423 1284 1488 favoribus
1305 1443 1344 1488 ac

211 1511 430 1597 prerogativis
451 1509 657 1575 munierunt:
685 1509 733 1574 ita
760 1507 882 1593 quippe
910 1509 997 1594 quod
1025 1529 1103 1595 gens
1132 1508 1252 1575 vestre*
1281 1509 1345 1574 sub

212 1599 355 1683 ipsorum
368 1597 569 1682 protensione
582 1595 738 1660 hactenus
754 1595 856 1660 bbere
869 1594 980 1680 deguit
993 1602 1027 1661 et
1040 1595 1157 1680 quietas
1173 1596 1274 1662 donec
1287 1595 1346 1662 ille

212 1685 361 1770 princeps
389 1683 547 1748 malificus
571 1681 750 1748 Edwcrdus
776 1702 833 1748 rex
858 1681 994 1768 Angliae,
1019 1688 1110 1767 poter
1138 1683 1233 1749 istius
1261 1685 1344 1768 regis

208 1770 365 1852 modemi,
380 1791 515 1856 regnum
531 1775 677 1834 nostrum
691 1768 881 1853 acephalum
894 1769 1052 1854 populum
1066 1767 1112 1835 et⁸
1124 1769 1248 1837 nullius
1263 1769 1345 1835 mali

211 1857 265 1924 vel
276 1857 343 1923 doli
357 1856 542 1934 conscium,⁸
549 1855 644 1922 bellis
658 1862 692 1921 et
705 1855 880 1922 insultibus
895 1875 1055 1922 armorum
1066 1863 1144 1922 tunc
1156 1857 1345 1936 dissuetum,

212 1946 273 2010 sub
287 1943 384 2009 amici
394 1951 427 2008 et
437 1942 644 2009 confoederati
658 1941 764 2027 specie
777 1941 1018 2008 inimicabiliter
1026 1943 1200 2010 imeetavit
1242 1945 1343 2028 dujm

212 2031 356 2115 injurias,
370 2030 481 2108 caedes,
498 2029 670 2108 molestias,
684 2027 867 2105 violenciae,
887 2028 1112 2113 predaciones,
1132 2030 1344 2108 incendisse

212 2115 415 2200 prelatorum
426 2122 459 2182 et
473 2115 660 2182 elericorum
673 2113 949 2192 incarcerationes,
959 2115 1252 2200 monest[er]iorum
1262 2136 1345 2181 com·

213 2203 388 2281 bustiones,
401 2201 650 2288 religi[os]orum
659 2201 869 2286 spolisciones
880 2205 914 2266 et
927 2201 1109 2278 occisiones,
1120 2209 1154 2268 et
1162 2201 1226 2267 alia
1239 2203 1345 2268 multe

212 2295 246 2355 et
267 2289 410 2355 enormia
430 2309 489 2354 sua
509 2287 730 2354 crudelissime
750 2287 836 2353 fecte
856 2287 1189 2372 innumerabilisque
1208 2289 1244 2352 in
1258 2289 1345 2354 dicto

213 2395 309 2462 regno
330 2375 528 2454 exercuerit,⁷
543 2375 628 2439 nulli
648 2393 781 2459 parcens
803 2373 917 2452 ordini,
934 2373 1031 2452 astuti,
1052 2375 1105 2439 vel
1127 2375 1228 2452 sexui,
1249 2395 1344 2440 nemo

213 2481 380 2527 numerere
400 2463 453 2528 vel
474 2462 610 2527 scribere
631 2465 764 2546 poterat,
784 2480 844 2525 nec
866 2460 908 2526 ud
928 2459 1060 2546 plenum
1080 2459 1266 2547 intelligere,
1280 2461 1346 2527 nisi

213 2570 310 2634 quem
324 2549 525 2634 experienciu
539 2549 731 2614 informaret
775 2547 936 2632 Aquibus
958 2547 1053 2612 melis
1067 2547 1254 2626 innumeris,
1268 2549 1345 2634 Ipso

209 2637 346 2720 juvente
359 2635 417 2720 qui
437 2641 511 2720 post
525 2635 659 2700 vulnere
679 2633 825 2700 medetur
846 2638 879 2699 et
900 2641 1001 2712 sanet,
1015 2654 1073 2718 per
1086 2635 1345 2701 strenuissimum

213 2723 390 2808 principem
405 2727 439 2788 et
452 2722 620 2787 dominum
634 2726 781 2820 nostrum
794 2740 901 2821 regem
914 2721 1090 2822 Robertum
1104 2721 1145 2786 de
1159 2722 1269 2808 Broys,
1278 2723 1345 2807 qui,

213 2808 635 2894 ...
647 2807 1346 2978 um..

212 2989 246 3049 et
269 2983 419 3068 perionis
446 3002 519 3067 quse
543 2982 618 3047 leto
642 2981 800 3048 sustinuit
825 2981 950 3061 anim03
978 3001 1076 3065 quem
1099 2981 1209 3059 eciem,
1233 2981 1344 3048 divine

214 3070 407 3154 disposicio,⁸
416 3070 594 3135 secundum
607 3069 693 3154 leges
702 3074 735 3134 et
746 3067 994 3134 consuetudines
1008 3073 1140 3144 nostres,
1151 3088 1232 3152 ques
1242 3089 1345 3154 usque

213 3156 255 3222 ed
268 3163 405 3222 mortem
418 3156 576 3222 sustinere
589 3155 797 3234 intendimus,
811 3161 880 3219 tam
895 3153 978 3238 jmis
992 3153 1150 3220 successio
1165 3174 1201 3219 ac
1216 3155 1345 3220 debitus

214 3243 358 3307 omnium
386 3247 567 3309 nostrorum
596 3261 770 3308 consensus
799 3247 833 3307 et
854 3261 1002 3306 asserem
1030 3247 1176 3306 nostrum
1201 3241 1346 3307 fecerunt

213 3327 391 3413 prinoipem
413 3335 510 3414 atque
531 3349 655 3414 regem:
680 3329 741 3406 cui,
755 3335 909 3412 tanquam
924 3327 974 3391 illi
995 3347 1162 3412 perquem
1176 3327 1212 3392 in
1267 3327 1346 3413 pulo

214 3422 322 3480 nostro
343 3415 430 3480 selus
444 3417 530 3480 fecta
543 3422 600 3494 est,
615 3435 672 3499 pro
687 3419 796 3480 nostra
809 3415 957 3480 libertate
974 3413 1117 3493 tuendo,⁰
1130 3421 1199 3479 tam
1236 3435 1254 3480 e
1272 3416 1346 3498 jure

214 3522 311 3585 quam
336 3501 403 3566 de¹⁰
423 3501 546 3568 meritis
571 3521 723 3586 persone,
744 3506 892 3566 tenemur
913 3505 947 3565 et
967 3501 1116 3566 volumus
1138 3501 1174 3566 in
1196 3501 1345 3567 omnibus

213 3587 407 3654 adhaerere.¹²
450 3589 564 3667 Quem,
574 3588 603 3652 si
614 3587 655 3653 ab
668 3587 806 3672 inceptis
817 3586 992 3665 desisteret,
1005 3607 1065 3652 noa
1086 3587 1154 3672 regi
1166 3588 1346 3673 Anglorum

213 3680 271 3739 aut
290 3695 425 3760 regnum
446 3671 619 3740 nostrum¹²
632 3673 743 3740 volens
757 3673 961 3757 aliquatenus
975 3674 1127 3752 subicere,
1142 3675 1259 3760 ipsum,
1273 3680 1345 3741 ten·

214 3781 312 3846 quem
336 3760 506 3827 inimicum
527 3766 673 3826 nostrum
694 3765 727 3826 et
748 3759 800 3824 sui
820 3760 986 3844 nostrique
1008 3761 1092 3846 juris
1116 3761 1345 3841 subversorem,

214 3847 325 3912 stetim
351 3847 592 3933 expelleremus,
606 3867 643 3912 ec
668 3845 769 3912 alium
790 3847 827 3910 in
847 3867 953 3932 regem
971 3852 1126 3927 nostrum,
1147 3846 1206 3932 qui
1227 3847 1269 3913 ud
1290 3848 1344 3913 de-

214 3934 395 4000 fensionem
424 3941 567 4000 nostram
591 3937 626 3999 et
648 3933 739 4018 mgni
761 3932 931 4013 sufficeret,
955 3935 1237 4001 comtitnersmus:
1260 3955 1345 4013 nam,

215 4041 314 4104 quam
328 4021 386 4086 diu
399 4027 530 4086 centnm
545 4041 586 4086 ex
599 4019 694 4086 nobis
707 4019 777 4086 vivi
791 4021 1009 4099 remanserint,
1024 4040 1210 4106 nunrqunm
1223 4021 1345 4106 Anglo-

262 4179 315 4236 ¹0.
328 4199 476 4250 germanus.
692 4177 747 4233 ²1).
761 4181 863 4232 lutevel
874 4181 984 4232 tercium
996 4182 1150 4232 ndtcdoat.

262 4251 316 4306 8Β.
332 4255 359 4305 O.
374 4253 406 4304 D.
421 4253 450 4304 R
464 4251 536 4319 ipsis.
695 4249 750 4302 4Ι).
765 4252 861 4303 abead
873 4252 974 4303 intorto
986 4255 1083 4302 nostra
1105 4251 1150 4314 ¹E.
1164 4255 1261 4304 nostre

257 4321 310 4376 ⁵B.
324 4325 352 4375 (l
368 4323 401 4376 D.
415 4323 444 4375 E.
458 4339 516 4390 que
693 4319 744 4374 ⁰0.
759 4321 904 4374 aemilium.
1028 4320 1078 4373 ²0.
1092 4321 1125 4373 D.
1139 4322 1169 4372 F.
1183 4323 1308 4375 exercuit

260 4391 312 4446 ⁸0.
327 4393 357 4447 E.
371 4393 551 4460 disposicione.
693 4389 747 4444 οΒ.
762 4391 883 4443 tenenda
1017 4389 1038 4426 ¹⁰
1050 4391 1079 4442 B.
1094 4393 1121 4444 O.
1136 4393 1168 4444 D.
1181 4393 1212 4444 E.
1226 4398 1285 4445 malt
1295 4395 1335 4447 de.

251 4461 271 4498 ¹¹
283 4465 313 4516 lt
327 4463 460 4517 adbibere.
685 4459 707 4497 ²²
718 4467 959 4530 regnumncrtrum
971 4478 1030 4514 over
1042 4479 1151 4516 nccare.
