3286 5112
732 1191 770 1264 u„
785 1191 946 1278 punam}

281 1343 436 1442 posu
460 1376 596 1438 morum
619 1369 717 1457 igitur
741 1369 903 1457 magnus
924 1368 1078 1455 principis
1101 1367 1211 1455 [eges]
1237 1366 1346 1434 navia
1367 1368 1407 1434 ee

278 1459 393 1544 Bruys,
404 1463 622 1526 convenerunt
631 1463 795 1542 magnates
806 1457 923 1523 Scociae
931 1455 1017 1540 apud
1028 1455 1220 1542 Lithqucw,¹
1230 1457 1408 1557 super'jure

278 1546 487 1612 successionis
497 1545 717 1630 regniScociae
726 1543 901 1610 tractaturi
933 1544 1037 1628 Super
1045 1544 1188 1629 quojure
1198 1562 1407 1608 successroms

278 1632 506 1698 convenientes
540 1630 736 1696 unanimiter
771 1629 1005 1709 concordantes,
1035 1629 1202 1696 dominum
1232 1629 1407 1695 Robertnm

279 1719 462 1797 Senescalli,
488 1718 572 1804 regie
595 1717 704 1783 David
726 1723 885 1802 nepotem,
907 1715 1084 1782 secundum
1104 1717 1229 1783 tulliam
1250 1735 1407 1783 consensu

277 1811 466 1890 magnatum
478 1805 568 1890 regni
582 1804 618 1869 in
632 1804 806 1890 praesencia
818 1803 941 1869 inclitae
954 1805 1116 1870 memorie
1130 1803 1254 1869 domini
1275 1803 1407 1869 Roberti

278 1891 321 1956 de
334 1893 436 1976 Broys
445 1891 481 1956 in
488 1892 699 1977 parliamento
712 1889 841 1975 publico
855 1890 974 1956 facturn
984 1911 1022 1956 ac
1032 1891 1068 1956 in
1078 1896 1241 1976 posterum
1250 1909 1406 1956 consensu

279 1979 425 2044 omnium
453 1979 609 2063 majorum
717 1977 725 1992 '
756 1978 975 2043 confirmatum
998 1983 1032 2043 et
1052 1979 1269 2063 approbatam,
1298 1997 1406 2062 regem

278 2085 388 2130 eorum
413 2065 559 2131 futurum
584 2083 654 2132 ease
691 2063 859 2148 egitimum
883 2063 1146 2131 deliberaverunt
1191 2064 1255 2131 Sed
1275 2065 1312 2130 in
1332 2083 1407 2129 eon-

276 2152 412 2217 trarium
436 2151 621 2218 willelmus
650 2149 690 2216 de
720 2149 873 2235 Dougles,
902 2170 976 2215 cum
1005 2151 1094 2216 omni
1121 2152 1269 2236 potencia
1293 2171 1352 2216 sua
1372 2169 1407 2214 se

277 2234 1237 2410 {iiiiiifflssetiiffijssgtuifflttpffi
1251 2236 1408 2408 iffi

277 2432 315 2476 co
329 2411 415 2496 quod
430 2411 548 2478 comes⁶
561 2412 602 2477 de
615 2410 759 2496 Douglos
773 2410 864 2489 erat,⁸
872 2411 908 2475 in
922 2411 1067 2496 partibus
1078 2411 1195 2477 Scociae
1213 2411 1407 2477 australibus

276 2499 394 2565 extitit
438 2500 472 2565 N
473 2497 678 2564 ichilcminus
692 2505 803 2564 contra
816 2519 891 2564 eum
904 2503 939 2564 et
953 2499 1022 2582 ejus
1032 2498 1215 2583 opinionem
1228 2498 1407 2564 insincere

275 2591 354 2686 runt
375 2586 508 2652 comites
530 2586 570 2650 de
591 2583 715 2664 March,
735 2584 776 2650 de
797 2585 952 2664 Moravia,
974 2584 1019 2651 et⁷
1038 2584 1187 2686 {lominus
1209 2585 1249 2650 de
1270 2584 1408 2686 Erskyn,

276 2669 1407 2844 cuseuauuuuuuuuuuueuu

277 2851 312 2910 et
332 2851 519 2929 magnetum
534 2845 661 2912 Scociae.
705 2844 800 2923 Quod
813 2845 927 2910 videns
948 2845 1055 2911 dictus
1076 2865 1181 2911 comes
1202 2845 1243 2910 de
1263 2845 1406 2930 Douglas

276 2930 354 2996 sein
369 2929 430 2996 hoc
450 2931 629 3016 prosperari
641 2931 807 2997 commode
821 2951 886 2995 non
908 2951 1010 3016 posse,
1024 2951 1061 2998 eo
1075 2931 1162 3017 quod
1175 2931 1357 2998 inconsulte
1371 2951 1406 2996 se

275 3017 312 3081 in
326 3016 386 3082 hoc
397 3017 526 3103 egisset⁹
536 3023 647 3083 contre
660 3018 801 3083 favorem
815 3023 1001 3102 magnetum
1015 3024 1049 3084 et
1062 3038 1227 3104 procerum
1241 3019 1341 3104 regni,
1350 3039 1407 3104 per

275 3103 447 3169 eonsilium
475 3104 679 3189 prelatorum
707 3110 741 3169 et
769 3103 905 3168 eliorum
932 3124 1064 3171 suorum
1087 3105 1262 3171 amicorum
1287 3113 1406 3182 tacens,

276 3190 503 3256 concordatum
516 3191 580 3255 fuit
593 3191 680 3276 quod
693 3190 717 3256 J
718 3191 835 3258 ecobus
850 3190 890 3256 de
910 3190 1063 3277 Douglos,
1085 3192 1315 3278 primogenitus
1335 3193 1406 3277 ejus

276 3285 310 3342 et
323 3277 424 3354 heres,
432 3277 535 3343 filiam
544 3276 624 3343 dicti
635 3277 767 3344 Rcberti
778 3277 818 3343 de
832 3276 975 3362 legitimo
984 3280 1076 3344 thoro
1086 3285 1282 3364 procreatam
1296 3279 1407 3345 matri·

275 3363 458 3429 monieiiter
471 3364 535 3429 sibi
548 3363 712 3450 ooprrlmet
719 3386 729 3446 ;
749 3369 783 3431 at
798 3362 981 3453 [prae]dicto
995 3365 1143 3444 Roberto,
1158 3366 1225 3453 rugi
1238 3366 1357 3445 futuro,
1370 3366 1406 3431 in

276 3450 426 3516 omnibus
440 3450 590 3531 obediret,
612 3457 645 3517 et
665 3451 798 3536 plenum
823 3471 1014 3517 eonsensum
1038 3451 1075 3517 in
1096 3454 1188 3538 regni
1208 3453 1407 3519 successione

275 3539 449 3622 praebemt:
484 3536 571 3622 quod
595 3538 642 3604 sic
667 3536 842 3606 concludi²⁰
865 3538 983 3604 extitit
1027 3539 1071 3604 Et
1091 3541 1127 3604 in
1151 3540 1300 3625 proximo
1324 3539 1407 3605 festo

275 3623 549 3690 Annunciacionis
570 3623 739 3690 dominicae
757 3625 844 3712 apud
865 3625 1001 3690 Sconam
1022 3626 1209 3711 praedictum
1231 3626 1408 3693 Robcrtum

275 3710 450 3777 Senescalli
477 3711 514 3776 in
542 3729 648 3797 regem
676 3731 750 3777 cum
779 3711 924 3777 maxima*
942 3712 1144 3778 solemnitate
1169 3719 1408 3779 coronaverunt.

311 3898 389 3952 1m0
415 3898 782 3964 TotiecJOcateatacttioe
805 3897 1127 3964 mdestteffiwtooe
1147 3899 1344 3968 chtcadtao:
1366 3901 1408 3954 De

274 3971 444 4023 coronacione
456 3970 525 4038 regis
538 3969 649 4021 Roberti
661 3969 810 4030 SaneseeUi,
825 3969 872 4036 qui
889 3970 918 4020 in
935 3969 1026 4020 ordine
1043 3968 1127 4037 hujus
1143 3971 1257 4024 nominis
1276 3972 1408 4025 mundus

135 4069 139 4080 ·
275 4039 408 4093 Robertus
419 4043 594 4107 nuncupatur.
630 4037 843 4108 qui-secundus
853 4039 941 4093 xorcd
952 4039 1068 4106 aaran

322 4108 375 4164 ¹0.
388 4111 418 4164 E.
431 4111 593 4178 Lynlithqw.
1088 4108 1140 4164 ³0.
1153 4110 1212 4180 ipsi.

322 4179 374 4234 ⁴0.
388 4181 418 4234 R
431 4198 532 4250 magnae
544 4181 678 4248 potencie.
716 4180 748 4234 D.
759 4179 936 4245 Μίνωι
946 4197 1053 4250 magnae.

323 4248 562 4306 ‘abducunt
816 4253 823 4268 ‘
914 4289 920 4302 .
1091 4249 1307 4308 'cucanea

321 4319 699 4376 ⁸oustosacs'ttdes'aterliacd·
735 4322 764 4375 0.
777 4321 811 4375 D.
823 4322 854 4373 n.
867 4325 964 4375 custos.
1090 4320 1142 4378 ⁸0.
1156 4324 1187 4378 Ε.
1200 4323 1317 4392 ingessit

311 4389 333 4425 ¹⁰
345 4392 373 4445 0.
387 4392 417 4446 Fa
430 4393 590 4446 conclusum.
626 4393 659 4446 D.
671 4393 850 4457 comaco
861 4393 1020 4446 conclusum.
