3282 5124
337 498 397 557 196
709 509 805 557 LIBER
820 505 1088 556 Puuscrsnnrtsls.

333 667 534 752 subjeccione
544 665 567 732 :¹
593 666 633 734 de
655 687 719 750 quo
740 665 909 732 confestim
934 664 1053 749 poterit
1072 662 1142 728 fieri
1161 661 1355 729 sufficienter
1375 661 1468 727 fides.

335 755 429 833 Quod
443 776 549 840 regern
563 755 671 839 ipsum
681 753 860 819 verosimile
873 772 940 816 non
951 751 1028 836 e[st]
1040 749 1225 834 promittere
1235 749 1388 814 voluisse
1395 748 1469 813 ullo

297 893 298 898 η
334 842 438 921 modo,
449 842 478 906 si
489 841 618 925 aliquod
624 841 679 925 jus
694 841 729 905 in
739 861 836 926 ragno
846 839 999 924 praedicto
1010 837 1222 922 subjeccionis
1232 836 1286 900 rel
1296 835 1470 920 superiori-

335 928 412 993 tatis
427 928 490 994 sibi
500 934 702 1012 competeret,
712 927 799 1012 quod
812 925 1019 1011 probabiliter
1026 924 1187 1008 opinaturi
1198 923 1323 1007 poterit
1356 923 1469 986 Multa

334 1014 467 1099 quidem
487 1021 521 1080 et
541 1015 613 1093 alia,
635 1033 708 1098 quae
727 1013 818 1079 brevi
839 1012 914 1078 stilo
939 1011 1037 1077 scribi
1061 1031 1127 1075 non
1151 1017 1295 1094 possunt,
1320 1009 1467 1093 ejusdem

335 1102 425 1186 regni
445 1102 563 1168 Scociae
584 1101 754 1166 manifeste
776 1099 824 1165 sa'
845 1099 1052 1183 comprobant
1072 1097 1256 1163 libertatem
1273 1097 1357 1182 juris
1378 1116 1466 1160 com·

334 1189 444 1254 munis
465 1189 639 1254 fortissimo
660 1187 869 1254 fimdamento
890 1186 1084 1250 innitentem
1095 1207 1104 1263 ;
1129 1184 1183 1248 cui
1203 1181 1368 1269 adjuvare*
1388 1203 1466 1248 con-

334 1274 539 1342 vinctuntu?
563 1275 697 1359 antiqua
721 1275 823 1340 eciam
851 1278 885 1337 et
907 1271 1060 1336 moderna
1083 1275 1181 1355 gesta,
1207 1276 1241 1334 et
1268 1269 1373 1334 multa
1400 1269 1466 1333 alia

333 1363 487 1447 rescripte
501 1367 535 1427 et
548 1362 716 1446 privilegia
738 1358 920 1444 apostolica,
935 1379 1007 1442 quae
1020 1377 1122 1442 usque
1137 1357 1173 1420 in
1186 1357 1251 1422 hiis
1265 1356 1466 1441 temporibus

334 1449 460 1514 ultimis
482 1449 691 1514 observantur
710 1447 906 1512 inconcusse
952 1446 1043 1510 Inter
1064 1464 1136 1528 quac
1157 1443 1320 1508 Honorius
1345 1443 1466 1507 tercius

334 1555 427 1619 papa,
448 1534 605 1599 imitando
625 1533 891 1618 praedecessorum
912 1551 1043 1596 suorum
1063 1531 1207 1615 vestigio,
1228 1550 1324 1615 regno
1346 1529 1467 1594 Scociae

334 1622 477 1687 noscitur
491 1620 663 1686 indulsisse
685 1620 780 1704 quod,
795 1640 890 1704 super
902 1619 996 1684 terris
1017 1622 1050 1683 et
1070 1617 1323 1701 possessionibus
1345 1616 1466 1700 inipso

335 1728 432 1792 regno
443 1707 524 1785 sitis,
534 1707 576 1771 sd
585 1713 675 1772 extra
684 1707 859 1791 positorum
866 1705 1026 1790 judicium
1036 1703 1146 1769 nullus
1156 1703 1197 1769 de
1208 1724 1305 1788 regno
1319 1702 1467 1787 [Socciae]

335 1794 521 1858 exbahatnr
535 1793 682 1858 examine
686 1816 695 1873 3
714 1793 798 1858 sedis
813 1792 994 1877 apostolicae
1008 1791 1179 1856 autoritate
1193 1809 1317 1874 semper
1327 1789 1424 1867 salva,
1433 1797 1468 1854 et

332 1877 1213 1966 hocinappellacionibusadsedemipsaminterpositis.
1237 1877 1340 1961 Super
1348 1877 1467 1960 quibus

334 1967 427 2032 terris
441 1972 476 2033 et
489 1967 741 2051 possessionibus
753 1966 789 2029 in
800 1965 911 2031 Scocia
924 1965 1037 2049 positis
1051 1964 1237 2030 nullatenus
1252 1963 1468 2047 appellaretur

335 2054 377 2120 ad
390 2055 496 2139 ipsam
517 2053 635 2131 sedem,
649 2053 678 2118 si
692 2074 826 2138 regnum
841 2052 948 2137 ipsum
969 2051 1062 2117 alteri
1083 2053 1150 2135 regi
1164 2056 1249 2116 essct
1263 2049 1468 2134 subjectum,⁶

335 2147 369 2206 et
391 2141 496 2206 audiri
521 2139 730 2221 obsmdum;⁷
759 2146 793 2204 et
817 2160 876 2204 nec
902 2138 944 2204 ad
972 2139 1151 2203 Romanam
1179 2136 1346 2203 ecclesiam
1373 2137 1466 2201 nullo

335 2228 497 2294 mediante
515 2228 696 2313 aubJectum
710 2227 746 2290 in
759 2226 988 2311 temporalibus
1009 2231 1198 2290 nosceretur.
1243 2223 1315 2302 Sed,
1329 2224 1416 2307 quod
1430 2224 1466 2286 in

335 2315 563 2401 temporalibus
585 2314 690 2380 eidem
711 2314 862 2379 Romana
879 2311 1020 2378 ecclesiae
1035 2313 1079 2377 sit
1093 2311 1259 2376 subditum
1279 2310 1465 2375 immediate

335 2402 422 2467 idem
444 2401 563 2468 Sccciae
591 2422 734 2487 regnum,
763 2400 883 2466 recenti
918 2398 1072 2483 probatur
1100 2397 1255 2482 exemplo.
1314 2397 1401 2461 Nam
1429 2397 1465 2460 in

335 2509 430 2554 causa
451 2489 622 2553 comitatus
636 2488 677 2553 da
698 2487 858 2564 Menteth,
872 2487 908 2550 in
931 2485 1041 2551 Soccia
1062 2485 1127 2562 siti,
1141 2505 1207 2550 non
1229 2484 1389 2568 spirituali
1410 2482 1464 2547 vel

335 2575 556 2652 ecclesiastica,
570 2575 627 2639 sad
644 2574 755 2658 pocius
777 2572 937 2638 criminali
951 2579 985 2637 et
998 2571 1040 2636 ad
1054 2572 1160 2635 iorum
1176 2569 1279 2656 regni8
1292 2575 1466 2654 spectante,

335 2682 355 2726 a
369 2661 532 2726 sentencia
552 2661 619 2724 lata
633 2661 669 2724 in
683 2660 772 2724 curia
786 2660 868 2744 ragis
891 2661 1018 2736 Socciac,
1032 2658 1118 2742 quod
1140 2678 1205 2722 non
1220 2658 1277 2722 diu
1291 2657 1408 2733 extitit,
1423 2657 1465 2720 ad

336 2747 444 2812 sedam
467 2747 673 2831 apostolicam
699 2746 915 2830 supradictam
939 2745 1138 2830 appellatum
1158 2745 1239 2825 iuit3
1264 2764 1301 2809 ac
1326 2743 1466 2828 appella·

337 2833 438 2898 aionis
454 2853 550 2898 causa
563 2853 621 2917 per
634 2833 738 2917 ipsam
760 2832 868 2898 sedem
883 2832 1089 2915 apostolicam
1103 2830 1198 2896 certis
1219 2831 1363 2895 noscitur
1379 2830 1468 2914 judi-

337 2920 427 2985 cibus
448 2919 617 2984 commissa
630 2919 729 2984 fuisse
750 2918 958 2984 terminanda
1003 2919 1065 2983 Oui
1079 2919 1164 2983 iacto
1178 2938 1235 2982 rex
1250 2915 1369 3002 Anglia
1389 2923 1468 2980 tunc

337 3006 470 3073 minime
492 3005 722 3083 contradicens,
742 3005 921 3070 tollerando
943 3004 1052 3070 sedem
1076 3004 1181 3089 ipsam
1202 3025 1293 3088 agere
1315 3009 1348 3069 ct
1367 3003 1468 3069 libere

337 3093 516 3177 disponere,
529 3093 609 3158 adeo
624 3092 710 3176 quod
724 3090 799 3156 sibi⁹
819 3091 1050 3176 praejudicasse.
1095 3092 1188 3170 Quod
1202 3090 1379 3156 veresimile
1401 3109 1468 3154 non

337 3185 388 3246 est
402 3179 510 3245 sedem
531 3178 738 3263 apostolicam
752 3177 798 3243 sic
820 3197 949 3243 causam
970 3177 1197 3302 appellacionis
1219 3178 1424 3255 commisisse,
1439 3177 1468 3241 si

336 3266 496 3351 adipsum
504 3264 632 3352 Angliae
641 3285 756 3350 regem,
765 3271 798 3331 et
806 3263 1015 3342 nonadeam,
1027 3264 1173 3330 ⁰rectum
1182 3269 1356 3349 spectasset
1367 3263 1468 3329 domi·

336 3353 429 3418 nium
450 3353 530 3418 dicti
550 3352 640 3437 regni
661 3353 787 3418 Scociaa.
832 3352 917 3417 Item
939 3351 1029 3416 Deus
1051 3357 1084 3416 et
1105 3351 1245 3415 mundus
1260 3352 1351 3416 novit
1372 3350 1469 3434 quod,

338 3460 437 3524 quarn
458 3439 515 3504 diu
540 3440 651 3504 Scocia
669 3460 742 3524 rege
764 3459 830 3504 non
852 3439 964 3516 canuit,
985 3443 1019 3502 ct
1043 3437 1254 3503 discensionis
1274 3437 1408 3502 materia
1432 3436 1469 3500 in

337 3546 434 3610 regno
450 3527 568 3591 Scociae
582 3531 693 3591 exorta
706 3547 772 3591 non
785 3524 857 3604 fuit,
871 3546 928 3590 rex
941 3524 1069 3648 Anpliac
1083 3524 1210 3589 nullum
1227 3525 1281 3608 jus
1297 3523 1468 3608 superiori-

337 3613 415 3678 tatis
435 3614 472 3677 in
493 3633 589 3698 regno
611 3613 728 3679 Scociae
742 3613 944 3693 vendicavit3
967 3617 1000 3676 et
1012 3610 1024 3650 ¹
1037 3611 1115 3676 licet
1135 3611 1239 3690 modo,
1255 3616 1365 3676 exorta
1386 3609 1469 3673 divi·

337 3700 435 3778 sione,
451 3699 521 3765 sine
535 3719 631 3765 causa
644 3699 797 3784 legitima,
811 3698 966 3764 aviditate
980 3697 1176 3775 dominandi,
1191 3696 1313 3762 dictum
1334 3717 1470 3782 regnum

338 3787 507 3872 subjugare
522 3786 656 3851 nitendo
670 3786 838 3852 molestare
853 3786 952 3871 coepit
960 3808 968 3865 ;
991 3804 1031 3849 ex
1042 3805 1107 3868 qua
1120 3783 1469 3850 defensionis¹²causa¹⁸

338 3873 536 3938 solummodo
551 3893 718 3959 processus
733 3893 811 3937 suus
825 3871 987 3937 invalidus
1001 3870 1135 3935 inicium
1150 3871 1243 3957 cepit.

385 4061 747 4128 ¹restitnera-subjecciona
759 4063 899 4125 turnomio
912 4061 984 4112 later.
1073 4055 1124 4111 ²0.
1137 4059 1272 4112 voluisset.

385 4129 437 4184 ³0.
450 4133 480 4184 u
494 4133 557 4184 omit
566 4149 601 4184 aa
679 4130 730 4183 ⁴0.
742 4131 869 4198 adjuvare
880 4131 942 4182 wilt
950 4131 960 4196 j
971 4130 1092 4194 smudch
1103 4153 1129 4174 =
1142 4130 1176 4180 ad
1186 4146 1275 4181 unare
1300 4129 1331 4180 ll.
1342 4129 1467 4182 adunus.

385 4200 397 4236 ⁶
409 4203 439 4254 u
453 4203 652 4255 convincuntur.
683 4199 695 4235 ⁸
707 4203 735 4254 O.
747 4201 776 4254 E
787 4202 843 4253 odd
851 4201 922 4268 quod
932 4201 987 4266 juri
996 4200 1127 4252 commoni
1136 4200 1243 4252 videtur
1252 4201 1419 4252 contrarium.

385 4271 396 4308 ¹
409 4274 437 4325 0.
450 4273 480 4325 u
493 4273 645 4325 absordum.
1075 4269 1125 4325 ⁸0.
1140 4287 1257 4339 regnum.
1295 4271 1327 4325 n.
1340 4271 1449 4340 regium.

384 4341 436 4396 ⁹0.
449 4343 480 4396 ll.
493 4343 548 4396 odd
560 4344 634 4410 prius
645 4343 820 4412 competebat,
837 4347 865 4395 ot
877 4358 947 4394 nunc
959 4341 1053 4394 asserit
1063 4341 1114 4393 boc
1126 4341 1184 4392 sibi

374 4411 436 4466 ¹⁰0.
450 4414 480 4466 E.
495 4430 563 4466 aum.
1064 4411 1085 4445 ¹¹
1099 4411 1295 4464 &Koralloi

373 4483 394 4518 ¹²
407 4484 435 4538 0.
449 4485 479 4537 E.
493 4485 670 4539 dissencionia
1064 4479 1086 4516 ¹³
1098 4482 1127 4536 O.
1141 4499 1208 4534 aum
