3240 5130
312 477 375 538 374
669 485 1046 536 umnuruuscsrnnusrs.

310 644 428 729 Ogilby
449 643 491 708 do
513 642 736 720 Uohtirhouss,
750 641 967 728 justiciarium
989 642 1116 722 Scociae,
1137 663 1213 710 curn
1234 627 1330 710 certis
1351 663 1449 708 com·

308 729 515 796 missionibus
535 735 569 795 et
588 729 858 795 instrucoionibus
878 729 975 794 dictae
994 729 1149 796 materias¹
1164 730 1449 810 concernentibus,

308 837 383 883 cum
461 813 689 882 tulscionibus²
710 815 876 901 condignis
896 815 1048 901 predicto
1072 816 1141 902 regi
1165 819 1360 884 Francorum
1377 836 1445 901 pno

307 908 398 968 tento
436 923 531 968 onore
544 902 778 987 impendendis.
822 902 947 981 Quibus
961 901 1038 968 hinc
1051 902 1129 969 inde
1142 904 1349 991 sicperactis,
1363 909 1446 988 post

307 990 451 1075 quinque
464 988 518 1054 vel
531 1009 588 1055 sex
602 1009 703 1054 annos
722 989 927 1074 insequentes
947 989 1055 1056 missis
1075 989 1194 1058 iterum
1215 991 1445 1057 ambassatori·

308 1077 369 1140 bus
390 1077 520 1160 utrique
541 1075 639 1162 regni,
661 1075 851 1161 preadictum
874 1075 1115 1146 matrimonium
1137 1077 1364 1164 perimpletnm
1385 1083 1443 1143 est

308 1183 384 1228 oum
414 1164 555 1228 marrima
589 1163 821 1247 solempnitate
864 1162 909 1228 Et
935 1163 1040 1248 primo
1067 1164 1160 1229 missi
1193 1169 1272 1230 sunt
1306 1184 1326 1228 a
1359 1183 1440 1248 rege

306 1248 450 1314 Francia
470 1248 621 1333 magister
641 1248 779 1335 hospicii
799 1248 852 1314 sui
872 1249 1068 1334 principalis,
1088 1250 1236 1316 dominus
1257 1249 1440 1314 Amoldus⁸

308 1335 424 1414 Girert,
432 1335 624 1422 gubernator
637 1335 791 1421 Rupellae,
804 1356 879 1402 cum
893 1357 930 1402 eo
944 1337 1096 1422 magister
1106 1335 1265 1422 Aymerus
1285 1335 1438 1413 Maruin,⁴

307 1421 429 1488 doctor⁵
442 1422 640 1500 licencistus,
655 1443 730 1486 oum
750 1422 974 1489 commissione
995 1423 1037 1489 ad
1058 1423 1308 1490 contrahendum
1321 1422 1434 1486 matri-

306 1509 453 1574 monium
466 1529 524 1595 per
536 1509 634 1574 verba
643 1508 684 1573 de
698 1509 807 1574 futuro
821 1529 897 1574 oum
910 1509 1063 1594 predicta
1076 1509 1258 1595 Margarita,
1268 1507 1435 1574 affitando⁸

307 1615 379 1662 eam
392 1616 433 1661 ax
447 1600 538 1680 perte
552 1595 622 1678 ejus
636 1595 756 1660 meriti
770 1595 944 1682 Delphines
957 1597 1109 1676 Fisnciae,
1123 1603 1182 1664 etc.

331 1917 492 2002 §meiius
506 1919 542 1986 bs
555 1919 745 2004 pcrituicuc
759 1919 957 1988 adsistenti
971 1921 1055 1987 istst
1069 1919 1201 1988 tisicos'
1214 1917 1412 2004 &dulcisceu

529 2019 559 2085 ct
573 2015 808 2103 muudus?
820 2018 1127 2102 merim-u
1142 2017 1208 2088 iiii.

146 2180 207 2258 ,ass
220 2184 286 2233 uo.
305 2156 483 2256 ΜΗΘ
499 2179 634 2245 nomer
647 2180 982 2246 recensemus
1002 2201 1059 2247 sex
1080 2181 1198 2248 esoce
1220 2181 1321 2247 mm
1341 2199 1428 2245 susm

303 2267 786 2420 primogenitammfllbpargaritam
814 2268 850 2418 ip
875 2267 1018 2370 Francia,
1042 2269 1279 2419 cundpotebili
1304 2265 1428 2365 cohorte

327 2373 515 2431 omrnorum,
615 2373 671 2418 um
686 2373 723 2419 ac
758 2374 829 2419 rovr
851 2373 942 2419 orum
956 2373 1098 2420 virorum
1288 2375 1306 2420 e
1350 2372 1430 2418 rou-

303 2461 420 2519 sorum,
433 2439 469 2506 iu
483 2439 543 2504 toli
556 2445 712 2526 apparatu
725 2375 760 2505 eli
773 2439 931 2519 decencia,
946 2447 981 2506 et
993 2446 1061 2506 tem
1075 2375 1304 2508 honoffl
1322 2375 1433 2506 didiae

305 2529 490 2613 positorum,
512 2527 598 2611 quod
619 2525 785 2592 consimile
809 2547 995 2612 nuncquem
1016 2526 1053 2591 in
1076 2533 1218 2614 tempore
1240 2527 1434 2605 vivencium,

302 2616 357 2681 vel
371 2619 439 2679 tam
459 2613 611 2679 notabilis
633 2613 799 2692 exercitus,
819 2621 889 2679 tam
908 2613 1048 2700 glorifice
1069 2613 1244 2694 ordinatus,
1267 2619 1337 2678 tarn
1357 2633 1432 2698 pru-

303 2701 416 2768 denter
428 2699 633 2786 gubernatus,
647 2700 688 2765 de
700 2721 798 2786 regno
819 2699 938 2766 Scocise
957 2700 1076 2766 missus
1098 2701 1169 2767 fuit
1214 2702 1256 2767 In
1276 2699 1335 2765 illo
1356 2719 1433 2764 vero

303 2787 454 2864 exercitu,
469 2787 511 2853 ad
531 2786 665 2872 nupcias
678 2785 778 2852 illae¹⁰
792 2785 1024 2854 contrahendas
1038 2788 1124 2852 inter
1136 2793 1243 2873 partes
1256 2785 1434 2873 predictus,

302 2875 432 2958 praeiuit
445 2872 613 2958 episcopus
627 2871 859 2951 Brechinensis,
872 2873 1021 2940 dominus
1035 2875 1059 2939 J
1059 2873 1201 2940 ohannes
1221 2872 1378 2948 Omnnok,
1392 2892 1430 2935 sc

302 2959 452 3025 dominus
473 2979 578 3024 comes
600 2959 755 3042 Orgsdiae,
769 2959 919 3024 dominus
940 2960 981 3027 de
1003 2959 1183 3046 Singlare,¹¹
1197 2967 1231 3027 et
1243 2957 1429 3026 sdrnircllus

303 3046 430 3124 Scociae,
439 3044 837 3129 cumaliiequinqucgints
845 3045 1017 3113 millitibus
1026 3053 1059 3112 et
1067 3047 1229 3132 armigeris
1237 3042 1430 3113 honorabili-

302 3133 363 3198 bus
373 3138 407 3198 et
415 3152 525 3198 eorum
533 3130 671 3215 sequalis
680 3130 1008 3210 officiariis,aceciam
1018 3153 1092 3199 cum
1103 3132 1203 3200 classe
1213 3133 1320 3199 valida
1327 3151 1430 3196 mma-

303 3226 419 3297 torum,
428 3218 471 3284 sd
484 3237 555 3283 cem
564 3217 803 3283 conducendam
817 3239 936 3297 secure,
943 3226 1072 3305 propter
1085 3219 1233 3286 metum¹²
1240 3219 1431 3304 Angiorum,

303 3326 407 3458 Ἐξ
420 3324 535 3456 versut?J
545 3324 656 3456 regekrp
665 3303 850 3458 Futurpiipaegto
858 3305 901 3370 In
922 3304 1231 3458 &fffmffffivem
1256 3311 1348 3458 ffit
1368 3305 1432 3406 tria

304 3411 952 3557 ffidfflappppumpiehombfflo
963 3413 1119 3565 appppaspu
1126 3413 1433 3565 readeptus&

304 3567 384 3633 sime
393 3573 427 3632 et
437 3563 612 3651 splendide,
621 3585 658 3630 ac
668 3584 797 3650 corpore
807 3565 928 3643 decors,
938 3566 1020 3632 iscis
1029 3571 1167 3634 venusta
1176 3567 1278 3632 valde
1315 3565 1430 3631 Matri-

304 3653 449 3720 monium
476 3650 637 3737 siquidem
664 3649 701 3716 in
728 3651 809 3717 fecie
837 3653 979 3718 ecclesiae
1006 3653 1127 3720 facturn
1155 3657 1213 3732 est,
1241 3652 1277 3717 in
1298 3651 1431 3718 castello

304 3739 427 3824 palacio
443 3738 530 3824 regio
550 3738 592 3804 de
613 3737 713 3802 roms
733 3759 774 3804 en
795 3735 939 3823 Turyn,¹⁸
959 3759 1016 3824 per
1036 3740 1257 3825 supradictum
1275 3737 1432 3822 archiepi-

304 3847 438 3912 scopum
465 3825 666 3903 Remensem,
694 3825 905 3909 presentibus
936 3826 1063 3912 regibus
1090 3827 1234 3893 Franciae
1263 3846 1338 3892 cum
1358 3845 1432 3910 rege

1039 3961 1179 3972 nnn——

351 4034 362 4071 ¹
374 4037 402 4089 G.
417 4036 446 4087 m
460 4035 559 4088 dictem
571 4035 717 4088 materiam.
971 4035 1021 4090 ²0.
1035 4037 1066 4089 Ε.
1079 4037 1358 4106 ungrstulueionibuu

350 4106 403 4159 ⁸0.
418 4106 448 4158 lu.
462 4105 604 4158 Amaidua.
970 4105 982 4141 ⁴
994 4108 1024 4160 R
1037 4107 1066 4160 O.
1079 4109 1109 4160 Ε.
1124 4109 1242 4174 Martyn.

351 4175 404 4230 ⁵0.
419 4177 450 4229 E
463 4176 636 4228 decretorum.
968 4175 1021 4232 ‘R
1035 4179 1063 4233 Ο.
1077 4179 1106 4230 E
1120 4179 1261 4233 adidnndo.

351 4245 559 4311 'Altcredfrom
570 4246 674 4299 murita.
709 4247 739 4299 B.
755 4246 850 4299 marito
862 4247 1001 4314 Delphico.

351 4315 364 4351 ⁸
375 4317 404 4369 G.
417 4317 449 4368 Ε.
461 4317 515 4368 add
526 4315 670 4370 dominum
775 4315 829 4370 ⁰0.
842 4317 871 4370 Ε.
884 4317 972 4371 tiliam.
1103 4316 1125 4353 ¹⁰
1136 4319 1164 4373 G.
1178 4321 1209 4372 Fu
1223 4323 1286 4374 omit
1296 4319 1362 4373 illae.

340 4385 361 4422 ¹¹
373 4387 400 4440 0.
414 4385 444 4438 Ε.
457 4386 491 4438 de
503 4387 600 4438 Ssneto
611 4387 688 4440 Claro
699 4403 786 4441 comes
799 4387 923 4440 Orcsdin.

341 4457 362 4493 ¹²
373 4457 401 4512 C.
415 4457 446 4510 Ε.
460 4459 569 4510 motum.
1102 4459 1124 4495 ¹⁸
1135 4461 1165 4514 0.
1178 4461 1209 4513 Ε.
1224 4459 1346 4514 Tourain
