3254 5122
637 465 733 516 muts
747 467 878 518 SEXTUS.
1278 463 1318 522 23

196 621 378 710 imperator,
388 621 549 690 dediscam
564 641 632 690 esse
646 620 751 706 filins3
770 623 900 691 mallem
915 621 1002 692 enim
1016 646 1084 694 csso
1094 625 1181 694 filius
1188 625 1322 695 humilis

197 717 343 797 etgretus
351 711 1045 796 quamimperatorinobediensetindevotns
1068 713 1182 780 Meum
1190 715 1322 780 etenim²

196 804 248 864 est
261 799 431 884 imperium
444 798 529 883 petri
543 798 670 864 obedire
690 798 856 864 humiliter
876 800 1055 884 imperanti,
1068 797 1111 866 et¹
1122 802 1191 885 ejus
1212 821 1321 886 parere

195 885 364 950 mendatio
407 885 494 950 Nem
517 885 659 969 percutis
680 885 810 950 atiectu²
831 886 923 951 exuit
944 887 1001 970 qni
1020 886 1104 953 mole
1125 889 1328 972 importabili

196 971 704 1058 superpositeiiliumextinguit”
728 972 1318 1058 Durabilisesteuimbonoradquem

194 1059 269 1142 quis
283 1059 407 1124 invitus
428 1057 601 1125 extollitur.
644 1058 780 1144 Signum
798 1059 900 1124 eciem
919 1058 1087 1144 prudentis
1108 1065 1158 1125 ost
1171 1061 1211 1126 de
1232 1061 1320 1126 feeili

194 1165 262 1211 non
282 1145 416 1212 excitori
436 1145 477 1210 cd
498 1145 617 1230 praelia,
637 1145 716 1228 quie
735 1145 909 1210 necessitas
928 1149 961 1210 et
981 1165 1047 1210 non
1067 1145 1215 1212 soluntes
1235 1147 1321 1213 belle

193 1251 322 1298 movere
343 1231 488 1313 debent,3
509 1232 587 1316 quie
607 1231 694 1297 bella
712 1237 801 1296 mote
820 1231 957 1298 libidine
978 1231 1174 1312 dominandi,
1195 1233 1320 1300 ditundi

194 1320 264 1384 sive
277 1319 473 1398 uindicendi,
486 1319 608 1384 bonum
621 1319 719 1384 finem
740 1317 875 1402 adipisci
891 1339 957 1384 non
977 1325 1136 1404 poterunt.
1179 1321 1213 1384 N
1213 1341 1263 1386 em
1279 1321 1321 1387 de

195 1404 283 1470 felici
296 1406 447 1491 belligero
462 1405 638 1471 Octaviano
652 1405 748 1470 refert
761 1405 944 1490 Eutropius,
957 1406 1015 1489 qni
1029 1406 1065 1470 in
1084 1411 1211 1472 tantum
1226 1407 1320 1486 bello,

195 1491 590 1571 simultantes,‘dietrubie,
598 1498 632 1558 et
642 1491 818 1578 singulares
826 1497 860 1558 et
869 1491 1023 1592 partiales
1033 1493 1320 1560 conloed'orecionee

195 1577 372 1644 detestatus
393 1583 452 1656 est,
466 1583 504 1643 ut
518 1599 711 1664 nuncquem,
724 1578 788 1644 uisi
804 1579 904 1664 justis
918 1579 959 1644 de
972 1579 1098 1658 cousin,⁶
1112 1601 1152 1646 ex
1167 1580 1320 1646 delibera·

195 1665 286 1731 cione
297 1671 422 1752 maturo
432 1665 611 1750 cuicunque
621 1665 711 1750 genti
720 1664 841 1730 bellum
852 1664 1013 1732 indiceret.
1053 1665 1318 1734 levissimienim

195 1757 229 1818 et
238 1751 392 1838 jectnutis
406 1751 528 1838 ingenii
542 1751 668 1817 dicebat
689 1771 757 1816 csse
779 1771 832 1817 eos
853 1751 919 1838 qui,
933 1749 1068 1818 libidine
1085 1751 1272 1820 dominandi
1286 1757 1320 1820 et

195 1839 415 1923 triumphandi
433 1838 551 1916 erdere,
565 1858 714 1904 coronam
727 1835 877 1916 lauream,
891 1837 953 1904 iel
965 1839 1114 1904 foliorum
1128 1859 1194 1904 non
1207 1837 1319 1906 fructi-

195 1923 575 2004 ferorum,indiscrimine
584 1931 709 2010 portare
717 1923 1073 2010 desiderent3nemper⁷
1083 1925 1219 1992 incertos
1228 1947 1319 1992 even·

194 2011 262 2077 tus⁸
275 2011 500 2077 certammum⁹
514 2031 597 2095 saepe
607 2009 826 2096 precipitatur
839 2011 990 2076 securitas
1004 2011 1133 2080 civium
1177 2011 1319 2098 Principi

193 2098 282 2163 enim
295 2097 446 2182 prudenti
457 2097 557 2162 nichil
568 2097 675 2162 minus
686 2117 784 2182 quam
796 2096 1032 2163 timererictes¹⁰
1046 2097 1210 2183 congruit3
1231 2115 1327 2164 erma·

194 2197 271 2248 vero
285 2205 350 2248 non
364 2181 429 2249 nisi
442 2183 572 2267 majoris
582 2181 791 2248 emolumenti
801 2203 857 2268 spe
868 2203 1052 2268 nuncquem
1066 2190 1142 2249 sunt
1156 2186 1320 2251 movenda

194 2271 282 2335 Nem
304 2269 389 2335 belle
411 2270 481 2335 sine
502 2289 559 2354 spe
572 2269 681 2354 magni
701 2268 830 2334 honoris
844 2274 877 2334 et
890 2267 973 2335 lucri
992 2275 1080 2336 mote
1093 2269 1198 2335 hemis
1217 2269 1321 2336 eureis

193 2356 395 2441 piscantibus
415 2355 549 2422 similari
562 2353 714 2440 poterit,¹²
729 2355 821 2441 cnjus
835 2354 965 2442 obrupti
979 2361 1012 2422 et
1025 2355 1134 2422 embsi
1149 2357 1320 2423 detrimen-

194 2450 266 2508 tum
280 2443 370 2508 nullo
384 2443 532 2528 sequenti
551 2443 640 2508 luero
655 2445 795 2527 eapturae
816 2443 1013 2527 compensari
1034 2443 1159 2528 poterit
1203 2443 1320 2510 Conse·

192 2536 329 2614 quenter
349 2529 413 2594 ut¹²
433 2530 474 2596 ed
487 2529 687 2615 propositum
700 2527 873 2594 redeamus
918 2527 1082 2596 Rdaxatis
1096 2529 1218 2596 caeteris
1232 2551 1320 2617 meg-

192 2617 332 2696 natibus,
346 2616 487 2702 episcopi
509 2613 742 2682 Sanctiondreae
763 2621 796 2681 et
816 2613 1056 2682 Dunlreldensis
1077 2635 1151 2681 cum
1173 2615 1319 2702 pluribus

192 2701 265 2768 aliis
279 2703 369 2790 regni
383 2705 497 2770 Scotiae
508 2703 690 2788 proceribus
704 2707 737 2768 et
750 2701 899 2788 praelatis,
910 2700 1080 2768 comitibus
1094 2707 1127 2768 et
1139 2701 1321 2784 bemnibns,

193 2789 235 2856 od
257 2810 364 2876 regem
387 2789 573 2868 Henricum,
586 2791 623 2855 in
645 2788 845 2855 Normennie
868 2789 1069 2868 existentem,
1082 2809 1141 2876 pro
1162 2789 1214 2856 aui
1235 2791 1318 2892 repis

194 2875 422 2942 deliberacione
444 2883 535 2942 extra
554 2895 640 2940 mere
654 2877 917 2958 tmnslretarunt;
940 2877 1006 2962 qni,
1019 2883 1091 2961 post
1111 2875 1181 2962 ejus
1195 2885 1319 2963 ceptur-

193 2962 306 3028 itotem
321 2963 404 3028 circe
414 2963 532 3028 festum
543 2963 782 3028 Purificecionis
791 2959 954 3040 liberatus,
965 2963 1007 3027 ed
1020 2963 1148 3114 propria
1157 2965 1318 3030 remeavit.

194 3049 260 3128 Qui
269 3049 438 3115 confestim
449 3049 604 3114 ceetello¹⁸
617 3048 658 3114 de
673 3049 814 3114 Berwico
829 3056 861 3114 ct
875 3049 915 3116 de
930 3047 1081 3134 Roxburg
1118 3055 1152 3116 et
1165 3049 1205 3114 de
1218 3047 1319 3114 Edin·

193 3135 306 3220 burgh,
319 3137 355 3202 in
369 3136 415 3202 eis
430 3135 616 3202 custodibus
637 3136 698 3200 sub
720 3135 845 3202 dicione
859 3135 941 3222 regie
955 3135 1134 3220 Anglorum
1149 3135 1320 3220 deputetis,

192 3222 297 3287 eidem
319 3221 387 3308 regi
410 3221 589 3308 Anglornm
614 3221 797 3307 assignarit,
821 3219 884 3322 ipsi
909 3241 1036 3306 quoque
1060 3221 1127 3306 regi
1152 3221 1318 3288 Scotorum

191 3307 357 3374 Willelmo
379 3310 571 3394 quibusdam
585 3307 761 3393 Anglornm
776 3305 975 3386 obsidibus‚¹⁴
996 3328 1055 3393 pro
1075 3325 1154 3393 poce
1168 3307 1318 3395 deinceps

99 3406 105 3420 ·
192 3395 398 3476 observande,
423 3415 460 3462 ec
486 3415 544 3482 pro
569 3395 641 3460 eliis
667 3393 935 3460 convencionibus
962 3393 1048 3460 inter
1074 3395 1202 3460 eosdem
1230 3415 1318 3480 reges

192 3481 289 3548 editis
324 3483 511 3548 inconcusse
549 3481 783 3559 conservandis,
811 3479 1002 3547 deliberatis.
1072 3481 1200 3548 Deinde
1235 3481 1318 3548 xviii

192 3567 267 3633 Kal
291 3568 486 3654 Septembris
512 3587 622 3633 omnes
651 3566 791 3652 episcopi
820 3571 853 3633 et
872 3567 997 3653 prelati
1021 3567 1148 3646 Scociae,
1170 3567 1211 3634 ed
1233 3569 1317 3635 edio-

190 3659 263 3718 tum
283 3655 366 3739 regis
387 3656 439 3722 sui
457 3651 625 3733 Willelmi,
645 3653 731 3738 apud
752 3651 931 3720 Eboracum
952 3653 1177 3734 convenient?
1198 3655 1318 3720 virtute

186 3741 364 3826 juramenti
391 3749 425 3808 ct
453 3739 643 3808 sacramenti
672 3741 841 3826 sponsione
870 3741 1010 3806 Henrico
1045 3740 1112 3828 regi
1139 3740 1317 3826 Anglorum

68 3837 76 3854 '
189 3826 1317 3913 comparereconstricti¹⁶enutdominosnoregi‚prouttuncnecessen‘o

237 4026 290 4082 ιΒ,
303 4028 381 4080 anim
522 4024 575 4079 'R
589 4025 617 4078 0.
631 4025 763 4078 effectum.
800 4023 830 4076 R
844 4023 975 4078 effectum.
1045 4021 1098 4076 ⁸0.
1111 4023 1141 4075 ll.
1154 4023 1242 4075 debet.

238 4095 289 4150 ⁴0.
302 4099 332 4151 u
346 4097 501 4150 eimultatea
520 4097 700 4150 ⁸Euddaet.
840 4091 894 4146 ⁰1⁸1.
907 4111 929 4146 e
1043 4091 1095 4146 ²0.
1109 4093 1140 4146 u
1153 4097 1215 4146 ornit
1227 4109 1281 4160 por.

237 4165 249 4201 ⁸
261 4169 290 4220 B.
304 4169 444 4221 adrentus.
836 4161 888 4217 ⁰0.
905 4163 935 4218 n.
948 4164 1112 4216 certantium

207 4235 534 4290 -¹⁰Omrectedhsterinto
544 4237 687 4290 temeritas
724 4235 752 4288 R
766 4236 909 4287 umentes.
945 4237 974 4288 C.
987 4236 1018 4287 ll.
1031 4233 1201 4287 temerariteu
1311 4233 1314 4241 '

226 4307 247 4342 ¹¹
260 4309 289 4361 (l.
303 4309 333 4360 E.
346 4313 466 4376 possunt
675 4304 697 4342 ¹²
708 4307 735 4358 0.
749 4307 779 4358 E.
793 4309 852 4357 omit
863 4308 903 4357 ut.
1035 4303 1057 4338 ¹⁸
1070 4305 1096 4356 0.
1110 4305 1141 4356 E.
1154 4303 1269 4358 ceatellu

202 4373 289 4432 '¹⁴0.
302 4381 332 4432 E
345 4381 405 4432 orsit
417 4377 561 4432 obsidibus.
676 4375 738 4480 ¹211
752 4375 945 4428 convenienter.
982 4375 1011 4428 O.
1025 4374 1053 4427 ll.
1068 4375 1241 4430 conuenirent

675 4446 684 4481 ¹
708 4449 736 4500 0.
750 4447 780 4500 Ε.
795 4447 905 4498 astricti.
963 4465 966 4474 ·
