<?xml version="1.0" encoding="UTF-8"?>
<!DOCTYPE html PUBLIC "-//W3C//DTD XHTML 1.0 Transitional//EN"
    "http://www.w3.org/TR/xhtml1/DTD/xhtml1-transitional.dtd">
<html xmlns="http://www.w3.org/1999/xhtml" xml:lang="en" lang="en">
 <head>
  <title>
</title>
<meta http-equiv="Content-Type" content="text/html;charset=utf-8" />
  <meta name='ocr-system' content='tesseract 3.04.00' />
  <meta name='ocr-capabilities' content='ocr_page ocr_carea ocr_par ocr_line ocrx_word'/>
</head>
<body>
  <div class='ocr_page' id='page_1' title='image "./liberpluscarden01skengoog_0313.png"; bbox 0 0 3286 5112; ppageno 0'>
   <div class='ocr_carea' id='block_1_1' title="bbox 676 469 1354 528">
    <p class='ocr_par' dir='ltr' id='par_1_1' title="bbox 676 469 1354 528">
     <span class='ocr_line' id='line_1_1' title="bbox 676 469 1354 528; baseline 0 -2"><span class='ocrx_word' id='word_1_1' title='bbox 676 478 772 528; x_wconf 78' lang='lat' dir='ltr'>LIBER</span> <span class='ocrx_word' id='word_1_2' title='bbox 786 478 903 528; x_wconf 83' lang='lat' dir='ltr'>NONUS.</span> <span class='ocrx_word' id='word_1_3' title='bbox 1293 469 1354 526; x_wconf 82' lang='lat'><strong>255</strong></span> 
     </span>
    </p>
   </div>
   <div class='ocr_carea' id='block_1_2' title="bbox 229 635 1357 895">
    <p class='ocr_par' dir='ltr' id='par_1_2' title="bbox 229 635 1357 895">
     <span class='ocr_line' id='line_1_2' title="bbox 273 635 1357 722; baseline -0.002 -21"><span class='ocrx_word' id='word_1_4' title='bbox 273 635 348 701; x_wconf 84' lang='lat' dir='ltr'><strong>Sed²</strong></span> <span class='ocrx_word' id='word_1_5' title='bbox 362 635 439 720; x_wconf 81' lang='lat' dir='ltr'><strong>quic</strong></span> <span class='ocrx_word' id='word_1_6' title='bbox 452 636 515 702; x_wconf 81' lang='lat' dir='ltr'><strong>istc</strong></span> <span class='ocrx_word' id='word_1_7' title='bbox 533 636 627 701; x_wconf 85' lang='lat' dir='ltr'><strong>litero</strong></span> <span class='ocrx_word' id='word_1_8' title='bbox 647 655 721 703; x_wconf 91' lang='lat' dir='ltr'><strong>cum</strong></span> <span class='ocrx_word' id='word_1_9' title='bbox 735 635 943 721; x_wconf 77' lang='lat' dir='ltr'>pertinenciis</span> <span class='ocrx_word' id='word_1_10' title='bbox 957 636 1105 702; x_wconf 88' lang='lat' dir='ltr'><strong>omnibus</strong></span> <span class='ocrx_word' id='word_1_11' title='bbox 1127 635 1245 722; x_wconf 81' lang='lat' dir='ltr'><strong>scripte</strong></span> <span class='ocrx_word' id='word_1_12' title='bbox 1258 637 1357 722; x_wconf 72' lang='lat' dir='ltr'><strong>estin</strong></span> 
     </span>
     <span class='ocr_line' id='line_1_3' title="bbox 229 722 1356 808; baseline 0.004 -22"><span class='ocrx_word' id='word_1_13' title='bbox 229 722 291 786; x_wconf 84' lang='lat' dir='ltr'><strong>alio</strong></span> <span class='ocrx_word' id='word_1_14' title='bbox 305 742 402 807; x_wconf 84' lang='lat' dir='ltr'><strong>psssu</strong></span> <span class='ocrx_word' id='word_1_15' title='bbox 423 724 628 808; x_wconf 73' lang='lat' dir='ltr'><strong>praecedente,</strong></span> <span class='ocrx_word' id='word_1_16' title='bbox 642 723 701 790; x_wconf 84' lang='lat' dir='ltr'><strong>viz.</strong></span> <span class='ocrx_word' id='word_1_17' title='bbox 717 723 858 807; x_wconf 75' lang='lat' dir='ltr'><strong>capitulo</strong></span> <span class='ocrx_word' id='word_1_18' title='bbox 879 722 939 787; x_wconf 87' lang='lat' dir='ltr'>xlii</span> <span class='ocrx_word' id='word_1_19' title='bbox 961 723 1079 788; x_wconf 79' lang='lat' dir='ltr'><strong>octavi²</strong></span> <span class='ocrx_word' id='word_1_20' title='bbox 1092 723 1175 802; x_wconf 87' lang='lat' dir='ltr'><strong>libri,</strong></span> <span class='ocrx_word' id='word_1_21' title='bbox 1189 723 1261 788; x_wconf 93' lang='lat' dir='ltr'><strong>ideo</strong></span> <span class='ocrx_word' id='word_1_22' title='bbox 1279 723 1356 790; x_wconf 81' lang='lat' dir='ltr'><strong>rosi·</strong></span> 
     </span>
     <span class='ocr_line' id='line_1_4' title="bbox 229 807 1247 895; baseline 0.003 -21"><span class='ocrx_word' id='word_1_23' title='bbox 229 807 343 874; x_wconf 85' lang='lat' dir='ltr'><strong>duum⁸</strong></span> <span class='ocrx_word' id='word_1_24' title='bbox 357 810 397 874; x_wconf 87' lang='lat' dir='ltr'><strong>ed</strong></span> <span class='ocrx_word' id='word_1_25' title='bbox 411 830 559 894; x_wconf 85' lang='lat' dir='ltr'><strong>praesens,</strong></span> <span class='ocrx_word' id='word_1_26' title='bbox 573 815 702 895; x_wconf 84' lang='lat' dir='ltr'><strong>propter</strong></span> <span class='ocrx_word' id='word_1_27' title='bbox 714 809 904 877; x_wconf 76' lang='lat' dir='ltr'><strong>brevitatem</strong></span> <span class='ocrx_word' id='word_1_28' title='bbox 918 811 1079 894; x_wconf 87' lang='lat' dir='ltr'><strong>temporis,</strong></span> <span class='ocrx_word' id='word_1_29' title='bbox 1093 809 1247 895; x_wconf 78' lang='lat' dir='ltr'><strong>relinquo.</strong></span> 
     </span>
    </p>
   </div>
   <div class='ocr_carea' id='block_1_3' title="bbox 283 1144 1298 1232">
    <p class='ocr_par' dir='ltr' id='par_1_3' title="bbox 283 1144 1298 1232">
     <span class='ocr_line' id='line_1_5' title="bbox 283 1144 1298 1232; baseline 0 -15"><span class='ocrx_word' id='word_1_30' title='bbox 283 1145 444 1230; x_wconf 58' lang='lat' dir='ltr'><strong>§mutiet</strong></span> <span class='ocrx_word' id='word_1_31' title='bbox 456 1145 494 1215; x_wconf 75' lang='lat' dir='ltr'><strong>hs</strong></span> <span class='ocrx_word' id='word_1_32' title='bbox 508 1146 653 1216; x_wconf 68' lang='lat' dir='ltr'><strong>tremite</strong></span> <span class='ocrx_word' id='word_1_33' title='bbox 667 1147 754 1232; x_wconf 72' lang='lat' dir='ltr'><strong>trois</strong></span> <span class='ocrx_word' id='word_1_34' title='bbox 767 1144 891 1229; x_wconf 68' lang='lat' dir='ltr'><strong>§mete</strong></span> <span class='ocrx_word' id='word_1_35' title='bbox 904 1147 942 1215; x_wconf 80' lang='lat' dir='ltr'><strong>ic</strong></span> <span class='ocrx_word' id='word_1_36' title='bbox 956 1145 1219 1232; x_wconf 57' lang='lat' dir='ltr'><strong>§.nulium—di.</strong></span> <span class='ocrx_word' id='word_1_37' title='bbox 1234 1147 1298 1217; x_wconf 78' lang='lat' dir='ltr'><strong>xxi.</strong></span> 
     </span>
    </p>
   </div>
   <div class='ocr_carea' id='block_1_4' title="bbox 225 1297 1504 3830">
    <p class='ocr_par' dir='ltr' id='par_1_4' title="bbox 225 1297 1504 3830">
     <span class='ocr_line' id='line_1_6' title="bbox 228 1297 1504 1408; baseline -0.002 -20"><span class='ocrx_word' id='word_1_38' title='bbox 228 1297 407 1397; x_wconf 49' lang='lat' dir='ltr'><strong>:tirno</strong></span> <span class='ocrx_word' id='word_1_39' title='bbox 429 1323 563 1388; x_wconf 75' lang='lat' dir='ltr'><strong>nomini</strong></span> <span class='ocrx_word' id='word_1_40' title='bbox 585 1323 768 1388; x_wconf 68' lang='lat' dir='ltr'><strong>necno</strong></span> <span class='ocrx_word' id='word_1_41' title='bbox 789 1343 893 1389; x_wconf 70' lang='lat' dir='ltr'><strong>comes</strong></span> <span class='ocrx_word' id='word_1_42' title='bbox 918 1323 1071 1388; x_wconf 68' lang='lat' dir='ltr'><strong>nomuae</strong></span> <span class='ocrx_word' id='word_1_43' title='bbox 1092 1329 1199 1408; x_wconf 62' lang='lat' dir='ltr'><strong>penes</strong></span> <span class='ocrx_word' id='word_1_44' title='bbox 1223 1323 1358 1390; x_wconf 65' lang='lat' dir='ltr'><strong>bonores</strong></span> <span class='ocrx_word' id='word_1_45' title='bbox 1375 1349 1426 1386; x_wconf 63' lang='lat' dir='ltr'><strong>..o</strong></span> <span class='ocrx_word' id='word_1_46' title='bbox 1439 1338 1504 1388; x_wconf 75' lang='lat'>1³21.</span> 
     </span>
     <span class='ocr_line' id='line_1_7' title="bbox 228 1409 1357 1494; baseline 0.002 -20"><span class='ocrx_word' id='word_1_47' title='bbox 228 1409 356 1494; x_wconf 84' lang='lat' dir='ltr'><strong>Angliee</strong></span> <span class='ocrx_word' id='word_1_48' title='bbox 369 1410 527 1493; x_wconf 77' lang='lat' dir='ltr'><strong>usquead</strong></span> <span class='ocrx_word' id='word_1_49' title='bbox 546 1409 689 1474; x_wconf 86' lang='lat' dir='ltr'><strong>Dunelm</strong></span> <span class='ocrx_word' id='word_1_50' title='bbox 709 1411 839 1475; x_wconf 81' lang='lat' dir='ltr'><strong>flemme</strong></span> <span class='ocrx_word' id='word_1_51' title='bbox 859 1416 892 1476; x_wconf 90' lang='lat' dir='ltr'><strong>et</strong></span> <span class='ocrx_word' id='word_1_52' title='bbox 912 1411 995 1476; x_wconf 84' lang='lat' dir='ltr'><strong>ferro</strong></span> <span class='ocrx_word' id='word_1_53' title='bbox 1016 1410 1176 1476; x_wconf 79' lang='lat' dir='ltr'><strong>destruxit</strong></span> <span class='ocrx_word' id='word_1_54' title='bbox 1187 1435 1197 1490; x_wconf 92' lang='lat'>;</span> <span class='ocrx_word' id='word_1_55' title='bbox 1220 1417 1253 1476; x_wconf 91' lang='lat' dir='ltr'><strong>et</strong></span> <span class='ocrx_word' id='word_1_56' title='bbox 1274 1431 1357 1476; x_wconf 85' lang='lat' dir='ltr'><strong>enno</strong></span> 
     </span>
     <span class='ocr_line' id='line_1_8' title="bbox 228 1495 1358 1582; baseline 0.001 -21"><span class='ocrx_word' id='word_1_57' title='bbox 228 1497 375 1580; x_wconf 75' lang='lat' dir='ltr'><strong>sequenti</strong></span> <span class='ocrx_word' id='word_1_58' title='bbox 397 1517 453 1560; x_wconf 85' lang='lat' dir='ltr'><strong>rex</strong></span> <span class='ocrx_word' id='word_1_59' title='bbox 468 1495 624 1561; x_wconf 84' lang='lat' dir='ltr'><strong>Robertus</strong></span> <span class='ocrx_word' id='word_1_60' title='bbox 642 1497 880 1574; x_wconf 82' lang='lat' dir='ltr'><strong>Seociae,1nenu</strong></span> <span class='ocrx_word' id='word_1_61' title='bbox 900 1497 1025 1582; x_wconf 88' lang='lat' dir='ltr'><strong>potenti</strong></span> <span class='ocrx_word' id='word_1_62' title='bbox 1038 1497 1189 1582; x_wconf 84' lang='lat' dir='ltr'><strong>Angliom</strong></span> <span class='ocrx_word' id='word_1_63' title='bbox 1209 1497 1358 1562; x_wconf 78' lang='lat' dir='ltr'><strong>intrando</strong></span> 
     </span>
     <span class='ocr_line' id='line_1_9' title="bbox 226 1582 1358 1668; baseline 0.003 -22"><span class='ocrx_word' id='word_1_64' title='bbox 226 1583 330 1666; x_wconf 88' lang='lat' dir='ltr'><strong>primo</strong></span> <span class='ocrx_word' id='word_1_65' title='bbox 356 1583 408 1647; x_wconf 91' lang='lat' dir='ltr'><strong>die</strong></span> <span class='ocrx_word' id='word_1_66' title='bbox 429 1583 520 1659; x_wconf 83' lang='lat' dir='ltr'><strong>Julii,</strong></span> <span class='ocrx_word' id='word_1_67' title='bbox 542 1583 675 1648; x_wconf 83' lang='lat' dir='ltr'><strong>boriules</strong></span> <span class='ocrx_word' id='word_1_68' title='bbox 694 1589 800 1666; x_wconf 72' lang='lat' dir='ltr'><strong>partes</strong></span> <span class='ocrx_word' id='word_1_69' title='bbox 825 1582 1015 1668; x_wconf 75' lang='lat' dir='ltr'><strong>saepedictae⁶</strong></span> <span class='ocrx_word' id='word_1_70' title='bbox 1035 1583 1163 1668; x_wconf 78' lang='lat' dir='ltr'><strong>Angliae</strong></span> <span class='ocrx_word' id='word_1_71' title='bbox 1186 1604 1288 1668; x_wconf 88' lang='lat' dir='ltr'><strong>usque</strong></span> <span class='ocrx_word' id='word_1_72' title='bbox 1316 1584 1358 1649; x_wconf 82' lang='lat' dir='ltr'><strong>ed</strong></span> 
     </span>
     <span class='ocr_line' id='line_1_10' title="bbox 228 1670 1358 1755; baseline 0 -20"><span class='ocrx_word' id='word_1_73' title='bbox 228 1670 388 1747; x_wconf 82' lang='lat' dir='ltr'><strong>Stenmur,</strong></span> <span class='ocrx_word' id='word_1_74' title='bbox 417 1689 491 1733; x_wconf 90' lang='lat' dir='ltr'><strong>cum</strong></span> <span class='ocrx_word' id='word_1_75' title='bbox 520 1670 674 1734; x_wconf 79' lang='lat' dir='ltr'><strong>comitatu</strong></span> <span class='ocrx_word' id='word_1_76' title='bbox 702 1671 921 1755; x_wconf 77' lang='lat' dir='ltr'><strong>Iongcustriae,</strong></span> <span class='ocrx_word' id='word_1_77' title='bbox 950 1670 1115 1736; x_wconf 86' lang='lat' dir='ltr'><strong>destruxit.</strong></span> <span class='ocrx_word' id='word_1_78' title='bbox 1160 1671 1238 1736; x_wconf 89' lang='lat' dir='ltr'><strong>Post</strong></span> <span class='ocrx_word' id='word_1_79' title='bbox 1266 1671 1358 1755; x_wconf 87' lang='lat' dir='ltr'><strong>cujus</strong></span> 
     </span>
     <span class='ocr_line' id='line_1_11' title="bbox 227 1755 1358 1843; baseline 0.002 -23"><span class='ocrx_word' id='word_1_80' title='bbox 227 1775 404 1842; x_wconf 69' lang='lat' dir='ltr'><strong>regressum</strong></span> <span class='ocrx_word' id='word_1_81' title='bbox 425 1755 461 1819; x_wconf 91' lang='lat' dir='ltr'><strong>in</strong></span> <span class='ocrx_word' id='word_1_82' title='bbox 483 1755 600 1834; x_wconf 82' lang='lat' dir='ltr'><strong>Scocie,</strong></span> <span class='ocrx_word' id='word_1_83' title='bbox 614 1755 790 1822; x_wconf 81' lang='lat' dir='ltr'><strong>Edwerdus</strong></span> <span class='ocrx_word' id='word_1_84' title='bbox 810 1777 868 1822; x_wconf 86' lang='lat' dir='ltr'><strong>rex</strong></span> <span class='ocrx_word' id='word_1_85' title='bbox 886 1757 1013 1843; x_wconf 82' lang='lat' dir='ltr'><strong>Angliae</strong></span> <span class='ocrx_word' id='word_1_86' title='bbox 1035 1777 1109 1822; x_wconf 89' lang='lat' dir='ltr'><strong>eum</strong></span> <span class='ocrx_word' id='word_1_87' title='bbox 1132 1778 1247 1842; x_wconf 80' lang='lat' dir='ltr'><strong>magno</strong></span> <span class='ocrx_word' id='word_1_88' title='bbox 1269 1778 1358 1823; x_wconf 84' lang='lat' dir='ltr'><strong>exer-</strong></span> 
     </span>
     <span class='ocr_line' id='line_1_12' title="bbox 229 1842 1358 1928; baseline 0.002 -21"><span class='ocrx_word' id='word_1_89' title='bbox 229 1842 296 1907; x_wconf 88' lang='lat' dir='ltr'><strong>citu</strong></span> <span class='ocrx_word' id='word_1_90' title='bbox 319 1842 461 1907; x_wconf 79' lang='lat' dir='ltr'><strong>Scociem</strong></span> <span class='ocrx_word' id='word_1_91' title='bbox 482 1842 633 1922; x_wconf 79' lang='lat' dir='ltr'><strong>intravit3</strong></span> <span class='ocrx_word' id='word_1_92' title='bbox 655 1843 690 1906; x_wconf 92' lang='lat' dir='ltr'><strong>in</strong></span> <span class='ocrx_word' id='word_1_93' title='bbox 711 1844 803 1928; x_wconf 86' lang='lat' dir='ltr'><strong>cujus</strong></span> <span class='ocrx_word' id='word_1_94' title='bbox 828 1845 979 1921; x_wconf 85' lang='lat' dir='ltr'><strong>exercitu,</strong></span> <span class='ocrx_word' id='word_1_95' title='bbox 1000 1851 1068 1908; x_wconf 80' lang='lat' dir='ltr'><strong>tem</strong></span> <span class='ocrx_word' id='word_1_96' title='bbox 1093 1845 1238 1928; x_wconf 89' lang='lat' dir='ltr'><strong>peditum</strong></span> <span class='ocrx_word' id='word_1_97' title='bbox 1260 1865 1358 1928; x_wconf 83' lang='lat' dir='ltr'><strong>quem</strong></span> 
     </span>
     <span class='ocr_line' id='line_1_13' title="bbox 229 1927 1357 2013; baseline 0.004 -21"><span class='ocrx_word' id='word_1_98' title='bbox 229 1927 383 2013; x_wconf 90' lang='lat' dir='ltr'><strong>equiturn,</strong></span> <span class='ocrx_word' id='word_1_99' title='bbox 407 1948 444 1993; x_wconf 85' lang='lat' dir='ltr'><strong>ec</strong></span> <span class='ocrx_word' id='word_1_100' title='bbox 467 1949 542 1993; x_wconf 92' lang='lat' dir='ltr'><strong>cum</strong></span> <span class='ocrx_word' id='word_1_101' title='bbox 563 1929 670 1994; x_wconf 79' lang='lat' dir='ltr'><strong>navali</strong></span> <span class='ocrx_word' id='word_1_102' title='bbox 696 1931 837 1995; x_wconf 85' lang='lat' dir='ltr'><strong>exercitu</strong></span> <span class='ocrx_word' id='word_1_103' title='bbox 858 1937 891 1996; x_wconf 88' lang='lat' dir='ltr'><strong>et</strong></span> <span class='ocrx_word' id='word_1_104' title='bbox 912 1930 1122 2009; x_wconf 81' lang='lat' dir='ltr'><strong>multitudine</strong></span> <span class='ocrx_word' id='word_1_105' title='bbox 1143 1929 1357 1996; x_wconf 76' lang='lat' dir='ltr'><strong>militantium</strong></span> 
     </span>
     <span class='ocr_line' id='line_1_14' title="bbox 228 2013 1357 2102; baseline 0.003 -24"><span class='ocrx_word' id='word_1_106' title='bbox 228 2015 363 2098; x_wconf 81' lang='lat' dir='ltr'><strong>copiose,</strong></span> <span class='ocrx_word' id='word_1_107' title='bbox 384 2015 444 2079; x_wconf 83' lang='lat' dir='ltr'><strong>xii⁰</strong></span> <span class='ocrx_word' id='word_1_108' title='bbox 468 2013 520 2080; x_wconf 92' lang='lat' dir='ltr'><strong>die</strong></span> <span class='ocrx_word' id='word_1_109' title='bbox 544 2015 694 2100; x_wconf 82' lang='lat' dir='ltr'><strong>Augusti,</strong></span> <span class='ocrx_word' id='word_1_110' title='bbox 720 2022 753 2081; x_wconf 92' lang='lat' dir='ltr'><strong>et</strong></span> <span class='ocrx_word' id='word_1_111' title='bbox 777 2037 879 2100; x_wconf 88' lang='lat' dir='ltr'><strong>usque</strong></span> <span class='ocrx_word' id='word_1_112' title='bbox 904 2017 946 2080; x_wconf 81' lang='lat' dir='ltr'><strong>sd</strong></span> <span class='ocrx_word' id='word_1_113' title='bbox 969 2016 1083 2081; x_wconf 80' lang='lat' dir='ltr'><strong>villum</strong></span> <span class='ocrx_word' id='word_1_114' title='bbox 1106 2017 1146 2082; x_wconf 89' lang='lat' dir='ltr'><strong>de</strong></span> <span class='ocrx_word' id='word_1_115' title='bbox 1168 2017 1357 2102; x_wconf 84' lang='lat' dir='ltr'><strong>Edinburgh</strong></span> 
     </span>
     <span class='ocr_line' id='line_1_15' title="bbox 228 2101 1356 2186; baseline 0.003 -21"><span class='ocrx_word' id='word_1_116' title='bbox 228 2101 423 2183; x_wconf 84' lang='lat' dir='ltr'><strong>perveniens,</strong></span> <span class='ocrx_word' id='word_1_117' title='bbox 438 2121 640 2186; x_wconf 82' lang='lat' dir='ltr'><strong>congressum</strong></span> <span class='ocrx_word' id='word_1_118' title='bbox 662 2123 736 2167; x_wconf 89' lang='lat' dir='ltr'><strong>cum</strong></span> <span class='ocrx_word' id='word_1_119' title='bbox 756 2123 829 2186; x_wconf 82' lang='lat' dir='ltr'><strong>rege</strong></span> <span class='ocrx_word' id='word_1_120' title='bbox 851 2103 969 2168; x_wconf 80' lang='lat' dir='ltr'><strong>Scociae</strong></span> <span class='ocrx_word' id='word_1_121' title='bbox 991 2101 1207 2179; x_wconf 76' lang='lat' dir='ltr'><strong>desiderando,</strong></span> <span class='ocrx_word' id='word_1_122' title='bbox 1226 2109 1356 2168; x_wconf 88' lang='lat' dir='ltr'><strong>centum</strong></span> 
     </span>
     <span class='ocr_line' id='line_1_16' title="bbox 228 2187 1355 2273; baseline 0.003 -24"><span class='ocrx_word' id='word_1_123' title='bbox 228 2187 332 2250; x_wconf 84' lang='lat' dir='ltr'><strong>millis</strong></span> <span class='ocrx_word' id='word_1_124' title='bbox 352 2194 545 2253; x_wconf 84' lang='lat' dir='ltr'><strong>armatorum</strong></span> <span class='ocrx_word' id='word_1_125' title='bbox 567 2187 717 2253; x_wconf 82' lang='lat' dir='ltr'><strong>aestinreti</strong></span> <span class='ocrx_word' id='word_1_126' title='bbox 741 2195 825 2254; x_wconf 88' lang='lat' dir='ltr'><strong>sunt.</strong></span> <span class='ocrx_word' id='word_1_127' title='bbox 867 2189 936 2254; x_wconf 86' lang='lat' dir='ltr'><strong>Rex</strong></span> <span class='ocrx_word' id='word_1_128' title='bbox 950 2194 1068 2266; x_wconf 86' lang='lat' dir='ltr'><strong>temen,</strong></span> <span class='ocrx_word' id='word_1_129' title='bbox 1087 2188 1260 2273; x_wconf 86' lang='lat' dir='ltr'><strong>prudenter</strong></span> <span class='ocrx_word' id='word_1_130' title='bbox 1281 2209 1355 2254; x_wconf 89' lang='lat' dir='ltr'><strong>con-</strong></span> 
     </span>
     <span class='ocr_line' id='line_1_17' title="bbox 229 2273 1356 2400; baseline 0.003 -64"><span class='ocrx_word' id='word_1_131' title='bbox 229 2273 342 2351; x_wconf 87' lang='lat' dir='ltr'><strong>sultus,</strong></span> <span class='ocrx_word' id='word_1_132' title='bbox 357 2293 559 2400; x_wconf 52' lang='lat' dir='ltr'><strong>conpressum</strong></span> <span class='ocrx_word' id='word_1_133' title='bbox 573 2295 631 2358; x_wconf 88' lang='lat' dir='ltr'><strong>pro</strong></span> <span class='ocrx_word' id='word_1_134' title='bbox 645 2281 724 2340; x_wconf 89' lang='lat' dir='ltr'><strong>tunc</strong></span> <span class='ocrx_word' id='word_1_135' title='bbox 739 2274 911 2354; x_wconf 75' lang='lat' dir='ltr'><strong>declinans,</strong></span> <span class='ocrx_word' id='word_1_136' title='bbox 924 2275 1032 2339; x_wconf 80' lang='lat' dir='ltr'><strong>omnio</strong></span> <span class='ocrx_word' id='word_1_137' title='bbox 1048 2274 1200 2339; x_wconf 82' lang='lat' dir='ltr'><strong>enimelie</strong></span> <span class='ocrx_word' id='word_1_138' title='bbox 1214 2274 1260 2340; x_wconf 79' lang='lat' dir='ltr'><strong>et⁶</strong></span> <span class='ocrx_word' id='word_1_139' title='bbox 1272 2275 1356 2339; x_wconf 83' lang='lat' dir='ltr'><strong>bono</strong></span> 
     </span>
     <span class='ocr_line' id='line_1_18' title="bbox 228 2359 1353 2445; baseline 0.001 -21"><span class='ocrx_word' id='word_1_140' title='bbox 228 2359 417 2444; x_wconf 89' lang='lat' dir='ltr'><strong>cuicumque</strong></span> <span class='ocrx_word' id='word_1_141' title='bbox 440 2361 481 2426; x_wconf 86' lang='lat' dir='ltr'><strong>do</strong></span> <span class='ocrx_word' id='word_1_142' title='bbox 494 2361 556 2426; x_wconf 86' lang='lat' dir='ltr'><strong>viis</strong></span> <span class='ocrx_word' id='word_1_143' title='bbox 574 2381 683 2426; x_wconf 86' lang='lat' dir='ltr'><strong>eorum</strong></span> <span class='ocrx_word' id='word_1_144' title='bbox 697 2381 857 2427; x_wconf 88' lang='lat' dir='ltr'><strong>removere</strong></span> <span class='ocrx_word' id='word_1_145' title='bbox 871 2381 908 2426; x_wconf 84' lang='lat' dir='ltr'><strong>ec</strong></span> <span class='ocrx_word' id='word_1_146' title='bbox 922 2361 1111 2426; x_wconf 82' lang='lat' dir='ltr'><strong>festinanter</strong></span> <span class='ocrx_word' id='word_1_147' title='bbox 1124 2361 1250 2445; x_wconf 82' lang='lat' dir='ltr'><strong>abigere</strong></span> <span class='ocrx_word' id='word_1_148' title='bbox 1263 2381 1353 2426; x_wconf 82' lang='lat' dir='ltr'><strong>men·</strong></span> 
     </span>
     <span class='ocr_line' id='line_1_19' title="bbox 228 2445 1354 2533; baseline 0.004 -24"><span class='ocrx_word' id='word_1_149' title='bbox 228 2445 337 2510; x_wconf 84' lang='lat' dir='ltr'><strong>davit:</strong></span> <span class='ocrx_word' id='word_1_150' title='bbox 358 2445 444 2531; x_wconf 85' lang='lat' dir='ltr'><strong>quod</strong></span> <span class='ocrx_word' id='word_1_151' title='bbox 457 2447 521 2533; x_wconf 85' lang='lat' dir='ltr'><strong>ipsi</strong></span> <span class='ocrx_word' id='word_1_152' title='bbox 537 2448 579 2511; x_wconf 82' lang='lat' dir='ltr'><strong>ed</strong></span> <span class='ocrx_word' id='word_1_153' title='bbox 592 2447 795 2524; x_wconf 85' lang='lat' dir='ltr'><strong>vescendum,</strong></span> <span class='ocrx_word' id='word_1_154' title='bbox 810 2453 924 2532; x_wconf 83' lang='lat' dir='ltr'><strong>praeter</strong></span> <span class='ocrx_word' id='word_1_155' title='bbox 938 2467 974 2512; x_wconf 83' lang='lat' dir='ltr'><strong>ee</strong></span> <span class='ocrx_word' id='word_1_156' title='bbox 989 2468 1061 2530; x_wconf 81' lang='lat' dir='ltr'><strong>quae</strong></span> <span class='ocrx_word' id='word_1_157' title='bbox 1078 2467 1187 2513; x_wconf 80' lang='lat' dir='ltr'><strong>cecum</strong></span> <span class='ocrx_word' id='word_1_158' title='bbox 1208 2454 1354 2532; x_wconf 80' lang='lat' dir='ltr'><strong>opporte-</strong></span> 
     </span>
     <span class='ocr_line' id='line_1_20' title="bbox 227 2533 1354 2618; baseline 0.001 -20"><span class='ocrx_word' id='word_1_159' title='bbox 227 2533 314 2611; x_wconf 82' lang='lat' dir='ltr'><strong>bsnt,</strong></span> <span class='ocrx_word' id='word_1_160' title='bbox 329 2553 431 2616; x_wconf 80' lang='lat' dir='ltr'><strong>peuce</strong></span> <span class='ocrx_word' id='word_1_161' title='bbox 451 2534 660 2611; x_wconf 84' lang='lat' dir='ltr'><strong>invenientes,</strong></span> <span class='ocrx_word' id='word_1_162' title='bbox 674 2533 767 2618; x_wconf 82' lang='lat' dir='ltr'><strong>quasi</strong></span> <span class='ocrx_word' id='word_1_163' title='bbox 787 2533 872 2599; x_wconf 84' lang='lat' dir='ltr'><strong>ieme</strong></span> <span class='ocrx_word' id='word_1_164' title='bbox 888 2535 1056 2618; x_wconf 88' lang='lat' dir='ltr'><strong>perierunt.</strong></span> <span class='ocrx_word' id='word_1_165' title='bbox 1100 2534 1186 2598; x_wconf 81' lang='lat' dir='ltr'><strong>Nam</strong></span> <span class='ocrx_word' id='word_1_166' title='bbox 1207 2554 1354 2618; x_wconf 85' lang='lat' dir='ltr'><strong>procure-</strong></span> 
     </span>
     <span class='ocr_line' id='line_1_21' title="bbox 226 2619 1353 2704; baseline 0 -20"><span class='ocrx_word' id='word_1_167' title='bbox 226 2623 311 2685; x_wconf 89' lang='lat' dir='ltr'><strong>tores</strong></span> <span class='ocrx_word' id='word_1_168' title='bbox 332 2619 522 2685; x_wconf 84' lang='lat' dir='ltr'><strong>victunlium</strong></span> <span class='ocrx_word' id='word_1_169' title='bbox 543 2621 733 2686; x_wconf 81' lang='lat' dir='ltr'><strong>exercitibus</strong></span> <span class='ocrx_word' id='word_1_170' title='bbox 754 2619 857 2686; x_wconf 78' lang='lat' dir='ltr'><strong>nichil</strong></span> <span class='ocrx_word' id='word_1_171' title='bbox 877 2621 1006 2704; x_wconf 86' lang='lat' dir='ltr'><strong>penitus</strong></span> <span class='ocrx_word' id='word_1_172' title='bbox 1029 2621 1071 2685; x_wconf 84' lang='lat' dir='ltr'><strong>cd</strong></span> <span class='ocrx_word' id='word_1_173' title='bbox 1084 2621 1277 2686; x_wconf 84' lang='lat' dir='ltr'><strong>vescendum</strong></span> <span class='ocrx_word' id='word_1_174' title='bbox 1298 2620 1353 2685; x_wconf 84' lang='lat' dir='ltr'><strong>cd-</strong></span> 
     </span>
     <span class='ocr_line' id='line_1_22' title="bbox 227 2705 1353 2792; baseline 0.001 -22"><span class='ocrx_word' id='word_1_175' title='bbox 227 2705 397 2785; x_wconf 83' lang='lat' dir='ltr'><strong>duxerunt,</strong></span> <span class='ocrx_word' id='word_1_176' title='bbox 418 2707 483 2772; x_wconf 89' lang='lat' dir='ltr'><strong>nisi</strong></span> <span class='ocrx_word' id='word_1_177' title='bbox 505 2706 645 2772; x_wconf 78' lang='lat' dir='ltr'><strong>tentum⁸</strong></span> <span class='ocrx_word' id='word_1_178' title='bbox 666 2728 769 2772; x_wconf 89' lang='lat' dir='ltr'><strong>unum</strong></span> <span class='ocrx_word' id='word_1_179' title='bbox 793 2713 921 2772; x_wconf 81' lang='lat' dir='ltr'><strong>taurum</strong></span> <span class='ocrx_word' id='word_1_180' title='bbox 943 2706 1094 2772; x_wconf 76' lang='lat' dir='ltr'><strong>claudum</strong></span> <span class='ocrx_word' id='word_1_181' title='bbox 1105 2730 1114 2788; x_wconf 91' lang='lat'>;</span> <span class='ocrx_word' id='word_1_182' title='bbox 1136 2705 1254 2792; x_wconf 66' lang='lat' dir='ltr'><strong>quem,o</strong></span> <span class='ocrx_word' id='word_1_183' title='bbox 1278 2727 1353 2772; x_wconf 91' lang='lat' dir='ltr'><strong>cum</strong></span> 
     </span>
     <span class='ocr_line' id='line_1_23' title="bbox 227 2793 1353 2879; baseline 0 -21"><span class='ocrx_word' id='word_1_184' title='bbox 227 2800 369 2858; x_wconf 79' lang='lat' dir='ltr'><strong>armento</strong></span> <span class='ocrx_word' id='word_1_185' title='bbox 390 2814 456 2858; x_wconf 88' lang='lat' dir='ltr'><strong>non</strong></span> <span class='ocrx_word' id='word_1_186' title='bbox 476 2795 592 2878; x_wconf 89' lang='lat' dir='ltr'><strong>potuit,</strong></span> <span class='ocrx_word' id='word_1_187' title='bbox 613 2814 678 2879; x_wconf 84' lang='lat' dir='ltr'><strong>pree</strong></span> <span class='ocrx_word' id='word_1_188' title='bbox 700 2794 921 2872; x_wconf 79' lang='lat' dir='ltr'><strong>invalitudine,</strong></span> <span class='ocrx_word' id='word_1_189' title='bbox 943 2793 1063 2878; x_wconf 80' lang='lat' dir='ltr'><strong>obigi,1⁰</strong></span> <span class='ocrx_word' id='word_1_190' title='bbox 1076 2795 1112 2857; x_wconf 90' lang='lat' dir='ltr'><strong>in</strong></span> <span class='ocrx_word' id='word_1_191' title='bbox 1132 2814 1245 2877; x_wconf 80' lang='lat' dir='ltr'><strong>campo</strong></span> <span class='ocrx_word' id='word_1_192' title='bbox 1267 2793 1353 2859; x_wconf 83' lang='lat' dir='ltr'><strong>solus</strong></span> 
     </span>
     <span class='ocr_line' id='line_1_24' title="bbox 226 2879 1354 2965; baseline 0 -20"><span class='ocrx_word' id='word_1_193' title='bbox 226 2879 356 2945; x_wconf 86' lang='lat' dir='ltr'><strong>relictus</strong></span> <span class='ocrx_word' id='word_1_194' title='bbox 371 2887 427 2945; x_wconf 87' lang='lat' dir='ltr'><strong>est</strong></span> <span class='ocrx_word' id='word_1_195' title='bbox 471 2881 605 2965; x_wconf 88' lang='lat' dir='ltr'><strong>Propter</strong></span> <span class='ocrx_word' id='word_1_196' title='bbox 618 2881 704 2965; x_wconf 90' lang='lat' dir='ltr'><strong>quod</strong></span> <span class='ocrx_word' id='word_1_197' title='bbox 719 2880 841 2946; x_wconf 87' lang='lat' dir='ltr'><strong>dictum</strong></span> <span class='ocrx_word' id='word_1_198' title='bbox 855 2881 918 2944; x_wconf 85' lang='lat' dir='ltr'><strong>fuit</strong></span> <span class='ocrx_word' id='word_1_199' title='bbox 932 2880 998 2964; x_wconf 87' lang='lat' dir='ltr'><strong>regi</strong></span> <span class='ocrx_word' id='word_1_200' title='bbox 1012 2879 1139 2964; x_wconf 79' lang='lat' dir='ltr'><strong>Anglioe</strong></span> <span class='ocrx_word' id='word_1_201' title='bbox 1153 2881 1238 2965; x_wconf 90' lang='lat' dir='ltr'><strong>quod</strong></span> <span class='ocrx_word' id='word_1_202' title='bbox 1253 2900 1354 2946; x_wconf 87' lang='lat' dir='ltr'><strong>nunc·</strong></span> 
     </span>
     <span class='ocr_line' id='line_1_25' title="bbox 226 2966 1354 3050; baseline 0 -19"><span class='ocrx_word' id='word_1_203' title='bbox 226 2987 324 3050; x_wconf 82' lang='lat' dir='ltr'><strong>quern</strong></span> <span class='ocrx_word' id='word_1_204' title='bbox 346 2987 417 3033; x_wconf 81' lang='lat' dir='ltr'><strong>curo</strong></span> <span class='ocrx_word' id='word_1_205' title='bbox 437 2966 485 3031; x_wconf 86' lang='lat' dir='ltr'><strong>ite</strong></span> <span class='ocrx_word' id='word_1_206' title='bbox 499 2988 569 3034; x_wconf 79' lang='lat' dir='ltr'><strong>cere</strong></span> <span class='ocrx_word' id='word_1_207' title='bbox 583 2967 715 3033; x_wconf 85' lang='lat' dir='ltr'><strong>vendite</strong></span> <span class='ocrx_word' id='word_1_208' title='bbox 735 2967 819 3032; x_wconf 86' lang='lat' dir='ltr'><strong>fuit:</strong></span> <span class='ocrx_word' id='word_1_209' title='bbox 839 2987 915 3032; x_wconf 84' lang='lat' dir='ltr'><strong>nem</strong></span> <span class='ocrx_word' id='word_1_210' title='bbox 936 2987 1041 3031; x_wconf 87' lang='lat' dir='ltr'><strong>comes</strong></span> <span class='ocrx_word' id='word_1_211' title='bbox 1057 2966 1096 3032; x_wconf 89' lang='lat' dir='ltr'><strong>dc</strong></span> <span class='ocrx_word' id='word_1_212' title='bbox 1110 2966 1304 3032; x_wconf 78' lang='lat' dir='ltr'><strong>Warcncie¹¹</strong></span> <span class='ocrx_word' id='word_1_213' title='bbox 1318 2967 1354 3031; x_wconf 93' lang='lat' dir='ltr'><strong>in</strong></span> 
     </span>
     <span class='ocr_line' id='line_1_26' title="bbox 226 3052 1353 3140; baseline 0.002 -24"><span class='ocrx_word' id='word_1_214' title='bbox 226 3052 287 3118; x_wconf 92' lang='lat' dir='ltr'><strong>hoc</strong></span> <span class='ocrx_word' id='word_1_215' title='bbox 308 3054 421 3139; x_wconf 81' lang='lat' dir='ltr'><strong>vingio,</strong></span> <span class='ocrx_word' id='word_1_216' title='bbox 443 3075 516 3119; x_wconf 89' lang='lat' dir='ltr'><strong>cum</strong></span> <span class='ocrx_word' id='word_1_217' title='bbox 538 3054 650 3120; x_wconf 87' lang='lat' dir='ltr'><strong>multis</strong></span> <span class='ocrx_word' id='word_1_218' title='bbox 671 3053 850 3140; x_wconf 85' lang='lat' dir='ltr'><strong>Anglorum</strong></span> <span class='ocrx_word' id='word_1_219' title='bbox 871 3053 1042 3132; x_wconf 88' lang='lat' dir='ltr'><strong>nobilibus,</strong></span> <span class='ocrx_word' id='word_1_220' title='bbox 1063 3054 1099 3117; x_wconf 92' lang='lat' dir='ltr'><strong>in</strong></span> <span class='ocrx_word' id='word_1_221' title='bbox 1120 3053 1204 3118; x_wconf 91' lang='lat' dir='ltr'><strong>bello</strong></span> <span class='ocrx_word' id='word_1_222' title='bbox 1229 3054 1353 3119; x_wconf 93' lang='lat' dir='ltr'><strong>cecidit.</strong></span> 
     </span>
     <span class='ocr_line' id='line_1_27' title="bbox 227 3139 1354 3224; baseline 0.001 -21"><span class='ocrx_word' id='word_1_223' title='bbox 227 3139 269 3203; x_wconf 84' lang='lat' dir='ltr'><strong>In</strong></span> <span class='ocrx_word' id='word_1_224' title='bbox 282 3139 462 3205; x_wconf 75' lang='lat' dir='ltr'><strong>itinerando</strong></span> <span class='ocrx_word' id='word_1_225' title='bbox 472 3161 547 3206; x_wconf 86' lang='lat' dir='ltr'><strong>vero</strong></span> <span class='ocrx_word' id='word_1_226' title='bbox 557 3142 786 3206; x_wconf 81' lang='lat' dir='ltr'><strong>monasterium</strong></span> <span class='ocrx_word' id='word_1_227' title='bbox 801 3141 925 3206; x_wconf 83' lang='lat' dir='ltr'><strong>Sanctse</strong></span> <span class='ocrx_word' id='word_1_228' title='bbox 937 3140 1047 3206; x_wconf 78' lang='lat' dir='ltr'><strong>Crucis</strong></span> <span class='ocrx_word' id='word_1_229' title='bbox 1059 3140 1276 3224; x_wconf 73' lang='lat' dir='ltr'><strong>depraedatum</strong></span> <span class='ocrx_word' id='word_1_230' title='bbox 1287 3147 1354 3220; x_wconf 90' lang='lat' dir='ltr'><strong>est;</strong></span> 
     </span>
     <span class='ocr_line' id='line_1_28' title="bbox 226 3225 1353 3311; baseline 0.001 -22"><span class='ocrx_word' id='word_1_231' title='bbox 226 3228 455 3291; x_wconf 86' lang='lat' dir='ltr'><strong>monesterium</strong></span> <span class='ocrx_word' id='word_1_232' title='bbox 469 3227 617 3293; x_wconf 88' lang='lat' dir='ltr'><strong>similiter</strong></span> <span class='ocrx_word' id='word_1_233' title='bbox 631 3229 670 3292; x_wconf 90' lang='lat' dir='ltr'><strong>de</strong></span> <span class='ocrx_word' id='word_1_234' title='bbox 685 3227 813 3305; x_wconf 88' lang='lat' dir='ltr'><strong>Melros,</strong></span> <span class='ocrx_word' id='word_1_235' title='bbox 824 3235 857 3293; x_wconf 91' lang='lat' dir='ltr'><strong>et</strong></span> <span class='ocrx_word' id='word_1_236' title='bbox 872 3228 935 3292; x_wconf 92' lang='lat' dir='ltr'><strong>duo</strong></span> <span class='ocrx_word' id='word_1_237' title='bbox 949 3225 1118 3311; x_wconf 77' lang='lat' dir='ltr'><strong>ejusdem¹²</strong></span> <span class='ocrx_word' id='word_1_238' title='bbox 1128 3227 1192 3291; x_wconf 90' lang='lat' dir='ltr'><strong>loci</strong></span> <span class='ocrx_word' id='word_1_239' title='bbox 1205 3227 1353 3292; x_wconf 82' lang='lat' dir='ltr'><strong>monachi</strong></span> 
     </span>
     <span class='ocr_line' id='line_1_29' title="bbox 227 3311 1354 3400; baseline 0.003 -25"><span class='ocrx_word' id='word_1_240' title='bbox 227 3311 302 3376; x_wconf 85' lang='lat' dir='ltr'><strong>caeci</strong></span> <span class='ocrx_word' id='word_1_241' title='bbox 316 3311 476 3378; x_wconf 84' lang='lat' dir='ltr'><strong>interfecti</strong></span> <span class='ocrx_word' id='word_1_242' title='bbox 486 3321 571 3390; x_wconf 89' lang='lat' dir='ltr'><strong>sunt,</strong></span> <span class='ocrx_word' id='word_1_243' title='bbox 579 3321 613 3379; x_wconf 92' lang='lat' dir='ltr'><strong>et</strong></span> <span class='ocrx_word' id='word_1_244' title='bbox 622 3315 730 3400; x_wconf 76' lang='lat' dir='ltr'><strong>plures</strong></span> <span class='ocrx_word' id='word_1_245' title='bbox 744 3313 893 3380; x_wconf 89' lang='lat' dir='ltr'><strong>monechi</strong></span> <span class='ocrx_word' id='word_1_246' title='bbox 905 3314 1048 3398; x_wconf 89' lang='lat' dir='ltr'><strong>ejusdem</strong></span> <span class='ocrx_word' id='word_1_247' title='bbox 1061 3313 1124 3378; x_wconf 91' lang='lat' dir='ltr'><strong>loci</strong></span> <span class='ocrx_word' id='word_1_248' title='bbox 1134 3313 1273 3379; x_wconf 75' lang='lat' dir='ltr'><strong>letaliter</strong></span> <span class='ocrx_word' id='word_1_249' title='bbox 1282 3313 1354 3378; x_wconf 82' lang='lat' dir='ltr'><strong>vul·</strong></span> 
     </span>
     <span class='ocr_line' id='line_1_30' title="bbox 227 3398 1354 3485; baseline 0.003 -24"><span class='ocrx_word' id='word_1_250' title='bbox 227 3398 338 3463; x_wconf 87' lang='lat' dir='ltr'><strong>nercti</strong></span> <span class='ocrx_word' id='word_1_251' title='bbox 379 3400 612 3465; x_wconf 80' lang='lat' dir='ltr'><strong>Monusterium</strong></span> <span class='ocrx_word' id='word_1_252' title='bbox 623 3401 723 3484; x_wconf 79' lang='lat' dir='ltr'><strong>eciem</strong></span> <span class='ocrx_word' id='word_1_253' title='bbox 735 3401 775 3466; x_wconf 90' lang='lat' dir='ltr'><strong>de</strong></span> <span class='ocrx_word' id='word_1_254' title='bbox 785 3400 947 3484; x_wconf 89' lang='lat' dir='ltr'><strong>Driburgh</strong></span> <span class='ocrx_word' id='word_1_255' title='bbox 956 3400 1159 3464; x_wconf 87' lang='lat' dir='ltr'><strong>combustum</strong></span> <span class='ocrx_word' id='word_1_256' title='bbox 1168 3399 1354 3485; x_wconf 80' lang='lat' dir='ltr'><strong>estpenitus</strong></span> 
     </span>
     <span class='ocr_line' id='line_1_31' title="bbox 227 3483 1354 3571; baseline 0.004 -24"><span class='ocrx_word' id='word_1_257' title='bbox 227 3489 260 3548; x_wconf 85' lang='lat' dir='ltr'><strong>et</strong></span> <span class='ocrx_word' id='word_1_258' title='bbox 275 3491 500 3570; x_wconf 88' lang='lat' dir='ltr'><strong>consumptum</strong></span> <span class='ocrx_word' id='word_1_259' title='bbox 511 3483 549 3566; x_wconf 77' lang='lat'><strong>51³</strong></span> <span class='ocrx_word' id='word_1_260' title='bbox 563 3487 626 3551; x_wconf 84' lang='lat' dir='ltr'><strong>elie</strong></span> <span class='ocrx_word' id='word_1_261' title='bbox 640 3507 765 3571; x_wconf 90' lang='lat' dir='ltr'><strong>quoque</strong></span> <span class='ocrx_word' id='word_1_262' title='bbox 780 3487 834 3571; x_wconf 87' lang='lat' dir='ltr'><strong>pic</strong></span> <span class='ocrx_word' id='word_1_263' title='bbox 847 3486 917 3551; x_wconf 81' lang='lat' dir='ltr'><strong>loco</strong></span> <span class='ocrx_word' id='word_1_264' title='bbox 931 3485 1187 3571; x_wconf 81' lang='lat' dir='ltr'><strong>quamplurimo.</strong></span> <span class='ocrx_word' id='word_1_265' title='bbox 1231 3487 1354 3551; x_wconf 86' lang='lat' dir='ltr'><strong>Eodem</strong></span> 
     </span>
     <span class='ocr_line' id='line_1_32' title="bbox 226 3571 1353 3658; baseline 0.004 -24"><span class='ocrx_word' id='word_1_266' title='bbox 226 3589 310 3634; x_wconf 81' lang='lat' dir='ltr'><strong>enno</strong></span> <span class='ocrx_word' id='word_1_267' title='bbox 332 3593 388 3636; x_wconf 86' lang='lat' dir='ltr'><strong>rex</strong></span> <span class='ocrx_word' id='word_1_268' title='bbox 403 3571 568 3650; x_wconf 87' lang='lat' dir='ltr'><strong>Robertus,</strong></span> <span class='ocrx_word' id='word_1_269' title='bbox 582 3573 735 3658; x_wconf 81' lang='lat' dir='ltr'><strong>Angliom</strong></span> <span class='ocrx_word' id='word_1_270' title='bbox 749 3573 873 3637; x_wconf 81' lang='lat' dir='ltr'><strong>intrans</strong></span> <span class='ocrx_word' id='word_1_271' title='bbox 885 3593 988 3656; x_wconf 79' lang='lat' dir='ltr'><strong>usque</strong></span> <span class='ocrx_word' id='word_1_272' title='bbox 1002 3573 1043 3638; x_wconf 80' lang='lat' dir='ltr'><strong>cd</strong></span> <span class='ocrx_word' id='word_1_273' title='bbox 1058 3573 1222 3638; x_wconf 79' lang='lat' dir='ltr'><strong>civitatem</strong></span> <span class='ocrx_word' id='word_1_274' title='bbox 1236 3575 1353 3638; x_wconf 81' lang='lat' dir='ltr'><strong>Ebora·</strong></span> 
     </span>
     <span class='ocr_line' id='line_1_33' title="bbox 226 3658 1352 3744; baseline 0.001 -23"><span class='ocrx_word' id='word_1_275' title='bbox 226 3658 388 3735; x_wconf 80' lang='lat' dir='ltr'><strong>censem,¹⁴</strong></span> <span class='ocrx_word' id='word_1_276' title='bbox 397 3659 505 3724; x_wconf 84' lang='lat' dir='ltr'><strong>omnic</strong></span> <span class='ocrx_word' id='word_1_277' title='bbox 517 3659 681 3736; x_wconf 79' lang='lat' dir='ltr'><strong>vastando,</strong></span> <span class='ocrx_word' id='word_1_278' title='bbox 696 3665 763 3723; x_wconf 84' lang='lat' dir='ltr'><strong>tem</strong></span> <span class='ocrx_word' id='word_1_279' title='bbox 777 3660 969 3724; x_wconf 81' lang='lat' dir='ltr'><strong>monasterie</strong></span> <span class='ocrx_word' id='word_1_280' title='bbox 982 3679 1080 3743; x_wconf 79' lang='lat' dir='ltr'><strong>quem</strong></span> <span class='ocrx_word' id='word_1_281' title='bbox 1089 3660 1186 3744; x_wconf 79' lang='lat' dir='ltr'><strong>opida</strong></span> <span class='ocrx_word' id='word_1_282' title='bbox 1196 3664 1229 3724; x_wconf 90' lang='lat' dir='ltr'><strong>et</strong></span> <span class='ocrx_word' id='word_1_283' title='bbox 1243 3665 1352 3735; x_wconf 77' lang='lat' dir='ltr'><strong>cestre,</strong></span> 
     </span>
     <span class='ocr_line' id='line_1_34' title="bbox 225 3744 1354 3830; baseline 0.002 -23"><span class='ocrx_word' id='word_1_284' title='bbox 225 3744 356 3810; x_wconf 83' lang='lat' dir='ltr'><strong>flemme</strong></span> <span class='ocrx_word' id='word_1_285' title='bbox 377 3750 409 3810; x_wconf 89' lang='lat' dir='ltr'><strong>et</strong></span> <span class='ocrx_word' id='word_1_286' title='bbox 423 3746 503 3811; x_wconf 84' lang='lat' dir='ltr'><strong>feno</strong></span> <span class='ocrx_word' id='word_1_287' title='bbox 525 3745 730 3830; x_wconf 86' lang='lat' dir='ltr'><strong>consumpsit.</strong></span> <span class='ocrx_word' id='word_1_288' title='bbox 776 3745 837 3810; x_wconf 76' lang='lat' dir='ltr'><strong>(lui</strong></span> <span class='ocrx_word' id='word_1_289' title='bbox 852 3765 908 3810; x_wconf 86' lang='lat' dir='ltr'><strong>rex</strong></span> <span class='ocrx_word' id='word_1_290' title='bbox 922 3745 1097 3811; x_wconf 80' lang='lat' dir='ltr'><strong>Edwardns</strong></span> <span class='ocrx_word' id='word_1_291' title='bbox 1116 3766 1191 3811; x_wconf 89' lang='lat' dir='ltr'><strong>cum</strong></span> <span class='ocrx_word' id='word_1_292' title='bbox 1212 3746 1354 3810; x_wconf 86' lang='lat' dir='ltr'><strong>exercitu</strong></span> 
     </span>
    </p>
   </div>
   <div class='ocr_carea' id='block_1_5' title="bbox 260 3952 1351 4518">
    <p class='ocr_par' dir='ltr' id='par_1_5' title="bbox 273 3952 1351 4094">
     <span class='ocr_line' id='line_1_35' title="bbox 274 3952 1351 4011; baseline 0.002 -3"><span class='ocrx_word' id='word_1_293' title='bbox 274 3955 283 3990; x_wconf 84' lang='lat'>¹</span> <span class='ocrx_word' id='word_1_294' title='bbox 296 3958 325 4008; x_wconf 89' lang='lat' dir='ltr'><strong>B.</strong></span> <span class='ocrx_word' id='word_1_295' title='bbox 339 3957 367 4009; x_wconf 83' lang='lat' dir='ltr'><strong>G.</strong></span> <span class='ocrx_word' id='word_1_296' title='bbox 382 3957 414 4009; x_wconf 89' lang='lat' dir='ltr'><strong>D.</strong></span> <span class='ocrx_word' id='word_1_297' title='bbox 429 3957 459 4010; x_wconf 91' lang='grc' dir='ltr'><strong>Ε.</strong></span> <span class='ocrx_word' id='word_1_298' title='bbox 473 3957 518 4010; x_wconf 86' lang='lat' dir='ltr'><strong>Et.</strong></span> <span class='ocrx_word' id='word_1_299' title='bbox 759 3952 809 4007; x_wconf 80' lang='lat'><strong>²0.</strong></span> <span class='ocrx_word' id='word_1_300' title='bbox 823 3955 854 4007; x_wconf 99' lang='grc' dir='ltr'><strong>Ε.</strong></span> <span class='ocrx_word' id='word_1_301' title='bbox 866 3959 926 4007; x_wconf 68' lang='lat' dir='ltr'><strong>orni!</strong></span> <span class='ocrx_word' id='word_1_302' title='bbox 937 3956 986 4007; x_wconf 82' lang='lat' dir='ltr'><strong>xlii</strong></span> <span class='ocrx_word' id='word_1_303' title='bbox 997 3955 1084 4008; x_wconf 72' lang='lat' dir='ltr'><strong>octavi</strong></span> <span class='ocrx_word' id='word_1_304' title='bbox 1096 3955 1150 4008; x_wconf 81' lang='lat' dir='ltr'><strong>ond</strong></span> <span class='ocrx_word' id='word_1_305' title='bbox 1161 3957 1228 4008; x_wconf 77' lang='lat' dir='ltr'><strong>leave</strong></span> <span class='ocrx_word' id='word_1_306' title='bbox 1239 3971 1258 4007; x_wconf 83' lang='lat' dir='ltr'><strong><em>a</em></strong></span> <span class='ocrx_word' id='word_1_307' title='bbox 1269 3955 1351 4011; x_wconf 68' lang='lat' dir='ltr'><strong>cunt</strong></span> 
     </span>
     <span class='ocr_line' id='line_1_36' title="bbox 273 4024 1018 4094; baseline -0.004 -14"><span class='ocrx_word' id='word_1_308' title='bbox 273 4025 324 4080; x_wconf 78' lang='lat'><strong>³0.</strong></span> <span class='ocrx_word' id='word_1_309' title='bbox 336 4027 469 4080; x_wconf 70' lang='lat' dir='ltr'><strong>residium.</strong></span> <span class='ocrx_word' id='word_1_310' title='bbox 760 4024 811 4080; x_wconf 82' lang='lat'><strong>⁴0.</strong></span> <span class='ocrx_word' id='word_1_311' title='bbox 826 4026 857 4078; x_wconf 89' lang='lat' dir='ltr'><strong>D.</strong></span> <span class='ocrx_word' id='word_1_312' title='bbox 872 4026 901 4078; x_wconf 88' lang='grc' dir='ltr'>Ε</span> <span class='ocrx_word' id='word_1_313' title='bbox 914 4026 1018 4094; x_wconf 79' lang='lat' dir='ltr'><strong>Anglic.</strong></span> 
     </span>
    </p>

    <p class='ocr_par' dir='ltr' id='par_1_6' title="bbox 273 4095 1123 4165">
     <span class='ocr_line' id='line_1_37' title="bbox 273 4095 1123 4165; baseline -0.004 -14"><span class='ocrx_word' id='word_1_314' title='bbox 273 4095 326 4150; x_wconf 81' lang='lat'><strong>⁶0.</strong></span> <span class='ocrx_word' id='word_1_315' title='bbox 339 4099 480 4165; x_wconf 67' lang='lat' dir='ltr'><strong>sepedicti</strong></span> <span class='ocrx_word' id='word_1_316' title='bbox 517 4099 546 4151; x_wconf 89' lang='grc' dir='ltr'><strong>Ε,</strong></span> <span class='ocrx_word' id='word_1_317' title='bbox 560 4097 712 4164; x_wconf 61' lang='lat' dir='ltr'><strong>sepedicti</strong></span> <span class='ocrx_word' id='word_1_318' title='bbox 749 4097 783 4149; x_wconf 88' lang='lat' dir='ltr'><strong>D.</strong></span> <span class='ocrx_word' id='word_1_319' title='bbox 797 4097 971 4162; x_wconf 62' lang='lat' dir='ltr'><strong>odndfwm</strong></span> <span class='ocrx_word' id='word_1_320' title='bbox 983 4095 1123 4164; x_wconf 74' lang='lat' dir='ltr'><strong>sepedicti.</strong></span> 
     </span>
    </p>

    <p class='ocr_par' dir='ltr' id='par_1_7' title="bbox 272 4165 1350 4292">
     <span class='ocr_line' id='line_1_38' title="bbox 272 4165 1350 4236; baseline -0.001 -15"><span class='ocrx_word' id='word_1_321' title='bbox 272 4165 324 4221; x_wconf 77' lang='lat'><strong>⁰0.</strong></span> <span class='ocrx_word' id='word_1_322' title='bbox 338 4169 368 4222; x_wconf 90' lang='grc' dir='ltr'>Ε</span> <span class='ocrx_word' id='word_1_323' title='bbox 382 4186 419 4221; x_wconf 78' lang='lat' dir='ltr'><strong>sc.</strong></span> <span class='ocrx_word' id='word_1_324' title='bbox 537 4167 590 4222; x_wconf 80' lang='lat'><strong>⁷0.</strong></span> <span class='ocrx_word' id='word_1_325' title='bbox 604 4169 635 4222; x_wconf 90' lang='grc' dir='ltr'><strong>Ε.</strong></span> <span class='ocrx_word' id='word_1_326' title='bbox 648 4183 826 4236; x_wconf 77' lang='lat' dir='ltr'><strong>quecumque.</strong></span> <span class='ocrx_word' id='word_1_327' title='bbox 863 4168 895 4220; x_wconf 92' lang='lat' dir='ltr'><strong>D.</strong></span> <span class='ocrx_word' id='word_1_328' title='bbox 909 4168 1006 4220; x_wconf 62' lang='lat' dir='ltr'><strong>eltned</strong></span> <span class='ocrx_word' id='word_1_329' title='bbox 1018 4167 1161 4232; x_wconf 79' lang='lat' dir='ltr'><strong>latsrsrom</strong></span> <span class='ocrx_word' id='word_1_330' title='bbox 1173 4183 1350 4236; x_wconf 67' lang='lat' dir='ltr'><strong>quecumque.</strong></span> 
     </span>
     <span class='ocr_line' id='line_1_39' title="bbox 272 4236 621 4292; baseline -0.003 -1"><span class='ocrx_word' id='word_1_331' title='bbox 272 4236 324 4291; x_wconf 79' lang='lat'><strong>⁸0.</strong></span> <span class='ocrx_word' id='word_1_332' title='bbox 338 4239 371 4292; x_wconf 88' lang='lat' dir='ltr'><strong>D.</strong></span> <span class='ocrx_word' id='word_1_333' title='bbox 385 4239 415 4291; x_wconf 90' lang='grc' dir='ltr'><strong>Ε.</strong></span> <span class='ocrx_word' id='word_1_334' title='bbox 429 4239 621 4292; x_wconf 70' lang='lat' dir='ltr'><strong>tantummodo.</strong></span> 
     </span>
    </p>

    <p class='ocr_par' dir='ltr' id='par_1_8' title="bbox 272 4307 1019 4378">
     <span class='ocr_line' id='line_1_40' title="bbox 272 4307 1019 4378; baseline -0.003 -16"><span class='ocrx_word' id='word_1_335' title='bbox 272 4307 323 4362; x_wconf 80' lang='lat'><strong>⁹0.</strong></span> <span class='ocrx_word' id='word_1_336' title='bbox 337 4310 366 4362; x_wconf 88' lang='grc' dir='ltr'>Ε</span> <span class='ocrx_word' id='word_1_337' title='bbox 380 4310 458 4377; x_wconf 85' lang='lat' dir='ltr'><strong>quod.</strong></span> <span class='ocrx_word' id='word_1_338' title='bbox 496 4311 527 4362; x_wconf 92' lang='lat' dir='ltr'><strong>D.</strong></span> <span class='ocrx_word' id='word_1_339' title='bbox 541 4310 619 4378; x_wconf 87' lang='lat' dir='ltr'><strong>quod,</strong></span> <span class='ocrx_word' id='word_1_340' title='bbox 633 4309 693 4361; x_wconf 72' lang='lat' dir='ltr'><strong>will</strong></span> <span class='ocrx_word' id='word_1_341' title='bbox 703 4324 782 4376; x_wconf 83' lang='lat' dir='ltr'><strong>quem</strong></span> <span class='ocrx_word' id='word_1_342' title='bbox 796 4311 822 4360; x_wconf 77' lang='lat' dir='ltr'><strong>in</strong></span> <span class='ocrx_word' id='word_1_343' title='bbox 833 4310 936 4376; x_wconf 63' lang='lat' dir='ltr'><strong>coarcto</strong></span> <span class='ocrx_word' id='word_1_344' title='bbox 947 4307 1019 4361; x_wconf 81' lang='lat' dir='ltr'><strong>later.</strong></span> 
     </span>
    </p>

    <p class='ocr_par' dir='ltr' id='par_1_9' title="bbox 260 4375 1350 4518">
     <span class='ocr_line' id='line_1_41' title="bbox 260 4375 1350 4448; baseline -0.001 -16"><span class='ocrx_word' id='word_1_345' title='bbox 260 4378 283 4414; x_wconf 72' lang='lat'><strong>¹⁰</strong></span> <span class='ocrx_word' id='word_1_346' title='bbox 295 4379 324 4432; x_wconf 79' lang='lat' dir='ltr'><strong>(l.</strong></span> <span class='ocrx_word' id='word_1_347' title='bbox 339 4381 369 4432; x_wconf 91' lang='grc' dir='ltr'><strong>Ε.</strong></span> <span class='ocrx_word' id='word_1_348' title='bbox 384 4380 469 4448; x_wconf 75' lang='lat' dir='ltr'><strong>abegi.</strong></span> <span class='ocrx_word' id='word_1_349' title='bbox 505 4381 537 4435; x_wconf 92' lang='lat' dir='ltr'><strong>D.</strong></span> <span class='ocrx_word' id='word_1_350' title='bbox 551 4381 647 4432; x_wconf 76' lang='lat' dir='ltr'><strong>altered</strong></span> <span class='ocrx_word' id='word_1_351' title='bbox 651 4381 726 4445; x_wconf 81' lang='lat' dir='ltr'><strong>from</strong></span> <span class='ocrx_word' id='word_1_352' title='bbox 738 4379 822 4446; x_wconf 73' lang='lat' dir='ltr'><strong>abegi.</strong></span> <span class='ocrx_word' id='word_1_353' title='bbox 1032 4375 1053 4412; x_wconf 84' lang='lat'><strong>¹¹</strong></span> <span class='ocrx_word' id='word_1_354' title='bbox 1065 4377 1094 4430; x_wconf 88' lang='lat' dir='ltr'><strong>B.</strong></span> <span class='ocrx_word' id='word_1_355' title='bbox 1108 4378 1136 4430; x_wconf 83' lang='lat'><strong>0.</strong></span> <span class='ocrx_word' id='word_1_356' title='bbox 1152 4377 1185 4430; x_wconf 92' lang='lat' dir='ltr'><strong>D.</strong></span> <span class='ocrx_word' id='word_1_357' title='bbox 1197 4378 1228 4429; x_wconf 85' lang='grc' dir='ltr'>Ε</span> <span class='ocrx_word' id='word_1_358' title='bbox 1245 4379 1350 4432; x_wconf 76' lang='lat' dir='ltr'><strong>Wcrsn.</strong></span> 
     </span>
     <span class='ocr_line' id='line_1_42' title="bbox 260 4446 1301 4518; baseline -0.002 -14"><span class='ocrx_word' id='word_1_359' title='bbox 260 4449 282 4485; x_wconf 78' lang='lat'><strong>¹²</strong></span> <span class='ocrx_word' id='word_1_360' title='bbox 294 4451 322 4504; x_wconf 83' lang='lat'><strong>0.</strong></span> <span class='ocrx_word' id='word_1_361' title='bbox 336 4451 480 4518; x_wconf 80' lang='lat' dir='ltr'><strong>cujusdem.</strong></span> <span class='ocrx_word' id='word_1_362' title='bbox 588 4449 609 4486; x_wconf 78' lang='lat'><strong>¹³</strong></span> <span class='ocrx_word' id='word_1_363' title='bbox 621 4451 648 4504; x_wconf 82' lang='lat' dir='ltr'><strong>O.</strong></span> <span class='ocrx_word' id='word_1_364' title='bbox 666 4449 694 4502; x_wconf 92' lang='grc' dir='ltr'><strong>Ε.</strong></span> <span class='ocrx_word' id='word_1_365' title='bbox 709 4453 872 4516; x_wconf 84' lang='lat' dir='ltr'><strong>oonsuptum.</strong></span> <span class='ocrx_word' id='word_1_366' title='bbox 1034 4446 1057 4482; x_wconf 85' lang='lat'><strong>¹⁴</strong></span> <span class='ocrx_word' id='word_1_367' title='bbox 1069 4449 1098 4502; x_wconf 81' lang='lat'><strong>0.</strong></span> <span class='ocrx_word' id='word_1_368' title='bbox 1111 4449 1141 4502; x_wconf 85' lang='lat' dir='ltr'><strong>E.</strong></span> <span class='ocrx_word' id='word_1_369' title='bbox 1155 4449 1301 4502; x_wconf 81' lang='lat' dir='ltr'><strong>Bor-uccnsi</strong></span> 
     </span>
    </p>
   </div>
   <div class='ocr_carea' id='block_1_6' title="bbox 0 0 1648 5112">
    <p class='ocr_par' dir='ltr' id='par_1_10' title="bbox 0 0 1648 5112">
     <span class='ocr_line' id='line_1_43' title="bbox 0 0 1648 5112; baseline 0 1"><span class='ocrx_word' id='word_1_370' title='bbox 0 0 1648 5112; x_wconf 95' lang='lat' dir='ltr'><strong> </strong></span> 
     </span>
    </p>
   </div>
  </div>
 </body>
</html>
