3282 5124
625 511 888 561 nmmocmvns.
1274 497 1335 561 173

207 677 240 735 et
250 673 490 736 coronaverunt.
525 668 589 748 Qui
600 670 701 734 eciam
710 689 767 734 rex
777 669 1107 735 lohannesinnostro
1118 667 1338 752 parliamento,

207 757 293 822 sicut
306 756 363 820 alii
383 756 529 822 homines
554 757 656 820 nostri
676 756 761 841 legii,
783 763 817 821 et
837 761 946 820 noster
959 755 1107 820 subditus
1129 755 1284 833 interfuit,
1306 762 1339 820 et

208 843 335 921 nostris,
349 849 503 928 tanquam
524 843 581 906 alii
601 843 724 908 subditi
742 841 853 921 nostri,
866 842 975 926 paruit
995 841 1165 920 mandatis,
1187 862 1224 907 ac
1246 841 1339 906 nobis

207 930 244 994 in
258 930 406 995 omnibus
421 929 571 994 obediam
584 935 619 994 et
632 929 803 994 intendens
812 929 838 1009 3¹
853 929 1060 1013 quoadusque
1074 929 1161 993 idem
1173 927 1340 994 lohannes

206 1036 274 1095 rex,
288 1022 321 1081 et
342 1016 399 1081 alii
419 1035 571 1100 proceres,
585 1015 708 1100 praelati
729 1021 762 1080 et
779 1015 1024 1080 communitates
1046 1015 1135 1100 regni
1156 1015 1341 1099 supradicti,

208 1124 249 1168 ex
263 1108 481 1188 praeconcepta
502 1102 631 1167 malicia
644 1107 678 1166 et
688 1102 902 1186 preordinata
924 1106 1021 1185 atque
1035 1101 1208 1187 praelocuta
1230 1107 1340 1167 contra

208 1197 351 1254 nostram
379 1191 588 1274 majestatem,
612 1189 648 1254 in
676 1188 898 1272 prejudicium
919 1189 1021 1253 nostri
1037 1189 1120 1272 juris
1142 1187 1340 1254 exheredita-

208 1276 396 1360 cionemquo
425 1281 567 1341 nostram
595 1295 633 1340 ac
661 1275 816 1340 heredum
845 1281 1035 1352 nostrorum,
1058 1279 1168 1339 contra
1196 1274 1341 1339 debitum

208 1363 373 1427 fidelitatis
405 1363 634 1447 juramentum,
658 1362 743 1426 inter
770 1382 805 1427 se
833 1361 1052 1446 conspirantes
1076 1362 1276 1446 juraverunt,
1303 1362 1339 1426 in

208 1449 330 1514 crimen
343 1448 427 1515 lasa
441 1449 619 1534 majestatis
633 1449 780 1533 nequiter
793 1447 973 1516 incidendo.

436 1672 596 1756 §equitat
611 1671 650 1739 ah
666 1671 724 1739 lua
737 1671 983 1744 heccham-01„
997 1671 1113 1741 xxxiii„

208 1808 406 1911 UNDE,
422 1853 496 1898 cnm
507 1833 671 1918 premissa
685 1853 726 1898 ex
740 1831 830 1897 fideli
843 1832 1009 1913 relacione,
1024 1833 1110 1898 fama
1122 1831 1253 1918 publica
1266 1852 1342 1898 con-

210 1921 382 1998 senciente,
397 1919 436 1984 ad
459 1927 584 1985 nostras
606 1939 698 1984 aures
721 1917 1099 2003 pervenisset,²volentes
1120 1919 1239 1985 futuris
1260 1940 1340 2004 prae-

211 2027 322 2072 cavare
336 2006 487 2091 periculis
510 2027 582 2091 quer
604 2026 645 2072 ex
666 2005 740 2070 eliis
761 2013 894 2090 possent
906 2006 1000 2070 nobis
1015 2011 1049 2070 et
1062 2025 1160 2090 regno
1174 2013 1282 2071 nostro
1304 2025 1342 2071 ac

209 2095 300 2178 regni
325 2093 427 2158 nostri
448 2093 562 2158 incolis
583 2092 807 2158 verosimiliter
828 2093 1004 2176 provenire,
1025 2112 1082 2176 pro
1104 2092 1340 2157 assecuracione

210 2179 300 2264 regni
321 2181 423 2244 nostri
444 2180 636 2244 accessimus
661 2179 703 2244 ad
728 2178 903 2243 confinium
927 2179 1016 2262 regni
1038 2177 1214 2262 utriusque,
1235 2176 1341 2243 cidem

211 2268 235 2333 J
236 2265 357 2330 ohanni
370 2271 404 2330 et
417 2265 563 2350 pluribus
577 2265 649 2330 aliis
663 2264 834 2341 mandatis,
844 2269 923 2329 tunc
938 2283 975 2328 eo
988 2284 1061 2348 rege
1076 2265 1243 2341 existente,
1253 2265 1340 2348 quod

211 2352 254 2418 od
274 2359 397 2417 certum
418 2353 526 2416 locum
546 2353 583 2415 in
597 2352 734 2417 confinio
748 2351 894 2435 predicti
907 2351 998 2436 regni
1019 2350 1062 2415 ad
1075 2371 1133 2415 noe
1148 2350 1341 2428 accederent,

211 2459 269 2524 pro
285 2443 374 2504 statu
395 2443 428 2504 et
449 2459 527 2524 pace
541 2438 630 2523 regni
644 2439 811 2522 utriusque
830 2457 867 2502 ac
889 2436 1124 2522 tranquillitate
1146 2456 1204 2521 per
1228 2457 1286 2502 nos
1308 2444 1342 2503 et

212 2525 382 2591 conerlium
410 2531 555 2590 nostrum
578 2524 642 2589 sibi
664 2523 895 2590 denunciandis
920 2523 1096 2601 auditums,
1118 2530 1158 2588 et
1182 2543 1278 2608 super
1303 2545 1340 2588 ea

212 2633 284 2696 quae
299 2618 494 2677 concernunt
504 2610 681 2676 utilitatem
690 2628 858 2696 regnorum
869 2610 1034 2694 justiciam
1047 2616 1238 2695 recepturus.
1276 2609 1342 2688 Qui

211 2700 235 2765 J
236 2699 378 2764 ohannes
399 2719 465 2776 rex,
479 2698 595 2782 spretis
616 2697 779 2763 mandatis
803 2697 929 2774 nostris,
943 2697 978 2760 in
1001 2716 1060 2762 sue
1082 2697 1285 2762 contumacia
1306 2703 1340 2762 et

210 2785 345 2871 perfidia
379 2786 610 2851 contumaciter
637 2785 820 2869 persistens,
848 2783 889 2848 ad
921 2783 1052 2848 bellicos
1081 2789 1238 2868 apsmtus,
1267 2803 1342 2847 cum

210 2872 377 2957 episcopis,
395 2872 566 2937 baronibus
588 2876 621 2936 et
641 2871 824 2955 proceribus
845 2869 943 2954 regni,
962 2874 1072 2934 contra
1096 2889 1155 2934 nos
1175 2876 1210 2935 et
1231 2875 1341 2934 contra

211 2959 301 3044 regni
322 2959 424 3025 nostri
448 2958 569 3023 incolas
591 2957 753 3023 hostiliter
777 2977 811 3022 se
836 2959 1025 3021 convertens
1045 2957 1204 3036 accinxit;
1233 2961 1273 3034 et,
1299 2955 1341 3021 ed

211 3044 345 3111 hostiles
368 3065 532 3131 aggressus
554 3051 587 3110 et
608 3045 755 3109 incursus
777 3043 958 3128 procedens,
979 3063 1113 3128 ragnum
1138 3049 1284 3108 nostrum
1309 3047 1343 3108 et

211 3137 312 3198 terras
337 3138 461 3198 nostrae
486 3130 643 3197 vastando
667 3131 795 3208 invasit,
820 3150 858 3195 ac
879 3129 974 3194 villas
1000 3128 1156 3214 quasdam
1185 3134 1218 3194 et
1246 3128 1342 3214 opida

212 3218 407 3303 depraedavit
421 3224 454 3284 et
468 3217 617 3284 incendio
628 3217 788 3302 spoliavit,
803 3217 949 3282 homines
963 3221 1087 3280 nostros
1102 3215 1228 3294 occidit,
1241 3236 1342 3281 naves

212 3304 374 3384 incendit;
399 3309 441 3382 et,
457 3304 590 3370 redditis
613 3305 707 3369 nobis
732 3303 887 3368 fidelitate
909 3309 941 3369 et
963 3302 1117 3387 homagio,
1139 3307 1208 3366 tam
1227 3322 1286 3386 pro
1307 3322 1342 3368 se

213 3410 310 3473 quom
323 3411 381 3475 pro
396 3391 470 3455 aliis
490 3391 557 3456 suis
578 3391 756 3476 regnicolis,
770 3411 827 3474 per
842 3389 937 3454 verba
954 3388 1150 3467 diffidenciae,
1170 3389 1342 3454 comitatus

211 3482 335 3541 nostros
345 3476 591 3553 Northumbriae,
601 3476 760 3542 cumbriae
769 3473 1057 3558 etWestmurlandl
1067 3475 1191 3560 ingenti
1201 3476 1343 3540 exercitu

212 3565 361 3641 vastavit,
375 3584 412 3628 ac
429 3562 586 3638 incendio,
601 3569 639 3628 ut
661 3562 875 3647 premittitur,
890 3562 1099 3645 depredando
1114 3567 1147 3626 et
1160 3561 1342 3626 invadendo

210 3669 270 3734 per
289 3670 324 3715 se
345 3657 378 3715 et
399 3671 482 3728 suos,
503 3649 769 3715 innumerabilem
790 3647 958 3712 hominnm
979 3647 1223 3713 multitudinem
1243 3647 1342 3714 inter-

212 3737 307 3817 fecit;
331 3735 479 3802 ecclesias
499 3736 664 3820 plurimas,
687 3756 725 3801 ac
750 3734 851 3800 eciam
872 3735 1062 3799 monasteria
1086 3735 1159 3820 igne
1182 3754 1342 3813 succensa,

213 3823 414 3908 sacrilegium
442 3823 661 3888 inhumaniter
688 3821 903 3907 perpetrarit;
930 3821 1070 3886 inientes
1098 3821 1135 3885 in
1162 3819 1343 3900 cunabilis*

213 3909 362 3975 mulieres
381 3915 570 3994 pregnantes
585 3915 619 3975 et
632 3910 668 3973 in
682 3907 857 3993 puerperio,
871 3912 1020 3972 necantes
1035 3912 1068 3972 et
1082 3906 1230 3972 atrociter
1242 3907 1342 3971 truci-

214 3996 347 4076 dantes3
372 4003 414 4074 st,
429 3995 514 4080 quod
529 3996 655 4061 auditui
669 3995 837 4061 hominum
851 3993 1045 4059 horrendum
1059 3996 1149 4058 estet
1160 3992 1341 4071 absurdum,

213 4083 378 4149 nonnullis
399 4081 587 4148 mulieribus
608 4082 801 4148 mammillas
825 4081 1038 4165 spectoribus
1061 4078 1264 4144 absciderunt
1275 4102 1284 4159 ;
1308 4087 1342 4144 et

213 4189 289 4236 cum
307 4170 369 4236 hoc
389 4189 503 4255 parvos
518 4167 697 4234 clericulos⁵
711 4169 746 4233 in
761 4167 854 4234 scolis
868 4166 1107 4252 grammaticam
1121 4165 1344 4244 addiscentes,⁶

248 4352 451 4406 ¹etintendcns
464 4353 602 4417 lammis
612 4353 683 4406 trra.
954 4349 1007 4405 1Β.
1020 4351 1208 4418 pervenissent

247 4422 259 4458 ⁸
271 4425 300 4476 B.
316 4425 346 4476 D.
359 4423 595 4476 Wartmerlandiae.
953 4420 965 4456 ⁴
977 4423 1005 4473 R
1020 4421 1163 4474 cunabulis

247 4493 259 4529 ⁶
271 4495 300 4546 lt
315 4495 347 4548 D.
360 4511 408 4562 per
419 4511 466 4547 nos
478 4495 609 4548 clericulo.
767 4491 820 4544 οΒ.
834 4493 866 4545 D.
880 4492 1052 4547 addiscerent.
1088 4494 1116 4546 0.
1129 4493 1160 4547 Ε.
1172 4509 1266 4547 restam
1274 4495 1339 4548 ltere.
