3286 5112
638 491 732 540 mnus
746 491 863 541 NONUS.
1255 477 1316 537 259

186 649 294 734 grecia
325 648 392 734 regi
421 647 588 714 Scotorum
616 647 745 726 illustri,
774 645 988 713 confoederato
1016 652 1049 711 st
1077 647 1180 710 emico
1208 649 1317 711 nostro

188 735 367 813 karissimo,
380 735 511 820 suisque
525 733 696 800 heredibus
710 740 744 800 et
757 734 999 812 successoribus,
1013 731 1144 798 divisim
1157 731 1193 797 in
1214 733 1318 798 omni·

188 822 249 886 bus
270 841 291 886 a
310 841 407 908 remo
427 820 564 906 hughe,
584 821 754 906 integrum,
774 821 912 886 liberum
933 825 966 886 et
988 820 1134 907 quietum
1155 824 1318 884 remaneat

188 909 433 994 imperpetuum,
455 909 576 992 absque
597 907 811 993 quacumqus¹
836 907 1046 992 subjeccione,
1069 906 1231 984 servitute,
1251 904 1318 971 vel²

189 995 309 1060 clameo
334 1015 391 1060 seu
417 994 581 1060 demenda
625 994 690 1072 Et,¹¹
711 993 848 1079 siquod
867 995 924 1079 jus
944 1014 1011 1072 nos,
1030 993 1084 1060 vel
1104 999 1317 1058 antecessores

188 1081 299 1160 nostri,
323 1082 360 1146 in
383 1080 469 1146 dicte
490 1101 588 1168 regno
612 1081 731 1147 Sacciae
753 1082 918 1147 retroactis
938 1081 1136 1165 temporibus
1150 1079 1317 1164 pecierunt

188 1166 241 1232 vel
262 1165 450 1251 pccierimuu
465 1169 697 1254 quoquomodo,
710 1167 843 1252 praefutc
864 1167 931 1252 regi
948 1167 1074 1244 Scociae,
1087 1164 1317 1243 heredibus⁴et

188 1254 422 1320 successoribus
437 1257 505 1320 cuis
519 1255 745 1321 renunciamus
759 1254 826 1339 regi
834 1255 1038 1340 predicto,st
1048 1253 1112 1318 sibi
1122 1253 1316 1318 dimittimus

188 1340 426 1425 imperpetuum
454 1361 511 1425 per
539 1347 721 1426 presentes.
765 1343 885 1407 Omnes
914 1341 1017 1406 eciam
1042 1340 1253 1426 obligationes
1282 1345 1315 1404 et

188 1428 418 1494 conventiones
432 1429 485 1493 vel
499 1435 602 1512 pects,
615 1428 713 1494 initas
734 1429 786 1494 vel
804 1428 887 1493 inite
908 1449 983 1494 cum
1002 1426 1120 1493 nostris
1143 1425 1315 1510 predeces-

187 1515 537 1598 soribusquulitercum
560 1534 602 1580 ue
612 1515 665 1580 vel
675 1513 1100 1599 quibuscumqueaccciam⁶
1110 1513 1315 1597 temporibus,

187 1620 283 1685 super
308 1601 510 1685 subjeccione
560 1601 616 1666 'cti
643 1601 733 1686 regni
757 1622 815 1667 seu
839 1601 1016 1668 incolui-um
1039 1601 1118 1684 ejus,
1139 1620 1197 1684 per
1220 1619 1314 1684 quos-

187 1707 325 1772 cumque
335 1708 424 1772 reges
435 1687 568 1773 Anglise,
579 1688 987 1767 siveiucolss,cle1iccsvel
997 1687 1104 1766 laicos,
1113 1686 1217 1772 ipsius
1227 1687 1316 1771 regni

187 1774 315 1852 Scuoioe,
323 1795 383 1859 pro
397 1774 498 1852 nobis,
512 1774 682 1840 heredibus
697 1780 729 1840 et
742 1775 976 1841 successoribus
990 1775 1108 1840 nostris
1122 1773 1315 1839 remittimus

186 1862 317 1945 penitus
340 1867 373 1926 et
394 1861 549 1927 omniuo.⁶
590 1861 642 1939 Et,
664 1859 692 1926 si
714 1883 787 1946 quae
807 1860 909 1927 literis
929 1862 982 1927 vel
1003 1866 1098 1926 certae
1119 1881 1178 1925 seu
1197 1861 1316 1924 instru-

187 1953 297 2012 menta
310 1947 350 2012 de
365 1952 477 2013 caetem
490 1949 695 2033 reperiantur,
709 1949 904 2032 ubicumque
924 1948 1075 2026 locorum,
1089 1967 1185 2030 super
1205 1947 1316 2030 hujus-

187 2032 276 2098 modi
296 2034 520 2112 contrectibus,
535 2034 794 2120 obligecionibus,
807 2055 865 2100 seu
882 2034 1153 2100 convencionibus
1167 2038 1201 2097 at
1213 2033 1316 2116 pectis

188 2120 342 2185 confectae
352 2121 405 2186 vel
419 2123 571 2200 confecta,
581 2141 640 2206 pro
654 2120 761 2200 cassis,
775 2121 875 2186 irritis
889 2128 922 2187 et
935 2121 1088 2186 inanibus
1098 2125 1196 2202 atque
1206 2118 1316 2182 vacuis

187 2205 374 2284 habeantur,
388 2207 575 2292 nulliusque
595 2207 745 2273 volumus
766 2228 835 2273 esee
855 2207 972 2273 veleris
993 2206 1046 2272 vel
1066 2206 1230 2271 momenti
1274 2205 1316 2268 In

187 2293 1120 2466 tldffilildfftnldelthuiffitmm
1135 2297 1185 2360 θεῖ
1197 2311 1311 2376 „‚„,.

221 2651 383 2737 §oquitur
395 2653 488 2738 copia
502 2653 667 2740 cumbam
681 2654 782 2724 tallia
795 2675 891 2741 cuper
904 2655 972 2742 jour
988 2653 1176 2723 leuitate
1189 2652 1279 2737 temti

451 2737 575 2823 §roda
589 2741 677 2812 suu
691 2743 926 2813 mutue-c.
941 2742 1046 2810 etue

185 2863 270 2961 Qu
293 2891 423 2956 nomine
444 2897 563 2958 suem
577 2896 611 2958 u
624 2891 804 2958 nuvsuaeu
824 2892 999 2972 usuum
1013 2891 1118 2957 sauss
1132 2887 1180 2956 ec
1192 2887 1268 2954 sm
1282 2891 1315 2954 e

185 2976 325 3061 Spiritum
351 2978 471 3056 Sancti,
492 2979 608 3046 Amen.
651 2980 694 3045 In
718 2979 929 3064 parliamento
953 2978 1040 3063 apud
1065 2979 1201 3044 Sconsm
1225 2981 1315 3040 tento

184 3084 269 3129 anno
277 3064 411 3129 Domini
421 3066 849 3151 mocc⁰xviii⁰,poafestum
858 3067 967 3132 Sancti
977 3065 1112 3130 Andreae
1119 3059 1316 3129 Dominica¹⁰

184 3149 339 3234 ΡΥΟΧῘΙῺΒ,
352 3170 410 3234 per
429 3171 536 3237 regem
550 3153 734 3232 Robertum,
746 3153 1001 3219 illustrissimum
1015 3150 1147 3238 regemu
1161 3155 1315 3225 nostrum,

185 3236 244 3299 ubi
257 3235 293 3300 in
306 3236 445 3321 publico,
458 3239 543 3304 inter
556 3239 620 3306 elia
640 3241 730 3326 regni
750 3241 890 3326 negocia,
910 3260 969 3325 pro
992 3237 1155 3305 communi
1172 3236 1314 3301 utilitate

185 3341 223 3388 ec
236 3323 326 3407 regni
340 3325 509 3390 securitate
521 3324 730 3392 deliberatum
740 3327 813 3404 fuit,
824 3332 858 3391 at
866 3347 924 3412 pro
934 3325 1116 3412 p[er]petuo
1125 3323 1314 3398 stabilitum,

184 3409 411 3474 concordatum
425 3416 459 3476 et
471 3409 662 3490 ordinatum,
676 3415 717 3478 ab
728 3413 878 3478 omnibus
893 3412 1115 3478 universaliter
1136 3409 1313 3496 regnicolis,

132 3519 136 3524 ·
184 3495 220 3558 in
241 3495 343 3560 torma
364 3516 428 3582 qua
442 3497 607 3580 sequitur:
627 3499 686 3598 vis.
704 3500 806 3578 Quod,
819 3499 849 3600 si
862 3519 919 3601 rex
933 3500 1003 3601 sine
1016 3499 1126 3600 liberis
1140 3497 1314 3598 decederet,

184 3579 1025 3758 lthtttttttttttsttlttgslt
1033 3585 1119 3738 {ii
1134 3582 1314 3736 ttulit

182 3755 380 3821 unanimiter
408 3755 590 3822 concordati
618 3763 703 3824 sunt
747 3759 834 3824 Item
862 3758 949 3845 quod
977 3759 1014 3837 si,
1036 3778 1109 3844 rege
1130 3755 1312 3831 decedente,

183 3838 275 3907 heres
289 3841 325 3906 in
339 3841 554 3928 minor[it]ete
568 3843 720 3923 extiterit,
731 3845 870 3912 Thomas
886 3865 990 3911 comes
1009 3842 1182 3908 Muri-avie
1202 3859 1312 3906 curam

226 4039 238 4076 ²
251 4042 280 4095 0.
294 4043 325 4094 Ec
338 4043 530 4111 qualicumque.
672 4043 725 4100 ’m
738 4053 774 4102 et
959 4046 971 4083 ⁸
983 4049 1012 4100 R
1026 4051 1099 4102 orcita
1111 4047 1154 4098 Et

228 4110 240 4145 ⁴
252 4112 281 4165 Ο.
295 4112 327 4166 D.
342 4115 372 4166 E.
384 4115 585 4184 heredibusque.

227 4179 292 4234 ⁶Ao
303 4185 384 4236 aciem
398 4187 535 4250 iamcrpr'n
546 4188 617 4239 diter.
654 4187 682 4240 0.
698 4189 729 4240 D.
742 4189 772 4242 Ε.
788 4189 843 4241 add
854 4189 1070 4258 quibuscumque.

227 4250 281 4306 ⁶0.
294 4255 325 4306 E.
339 4254 464 4308 omnium.
501 4257 533 4310 D.
548 4259 667 4309 omnium
679 4260 775 4312 ‹dtered
788 4267 812 4312 to
824 4261 953 4312 omuibus.

228 4321 281 4376 1(ἲ.
296 4325 327 4378 Ε.
340 4325 411 4391 apud
424 4325 541 4380 Lcndon.
578 4328 610 4380 D.
625 4328 741 4380 london.
960 4327 1011 4382 ΒΒ.
1026 4331 1055 4383 O.
1068 4331 1100 4381 D.
1114 4329 1145 4381 Ε.
1158 4329 1308 4382 individue.

229 4389 492 4450 'anitiorum
950 4399 1150 4453 ¹⁰C.E.tcntu

218 4461 237 4497 ¹¹
252 4465 280 4516 C.
294 4467 324 4518 ld
338 4466 490 4534 principem.
950 4469 972 4504 ¹²
984 4471 1012 4523 0.
1027 4471 1057 4524 n.
1071 4471 1217 4524 succedent
