3286 5112
641 507 870 558 areaauosua.
1262 478 1321 552 til

194 663 249 729 liis
274 668 307 730 et
329 669 511 732 sancmrum
536 665 691 751 reliquiis,
715 686 868 752 magnum
893 662 1084 731 sacramenti
1105 661 1324 747 juramentum

194 754 430 836 praestitenmt3
451 774 497 832 ae,
509 754 546 818 in
558 754 781 819 testimouium
801 753 1046 840 praemissorum,
1067 769 1177 816 eorum
1198 745 1325 832 sigillis¹

194 840 405 923 praesentibus
420 841 538 925 epponi
552 840 784 907 decreuerunt.¹

238 925 272 989 N
272 931 326 990 ota
339 926 425 1011 quod
440 926 571 1010 quidam
592 925 772 992 harraldus⁸
785 925 867 1012 regis
881 924 1018 1010 Angliae,
1031 923 1068 989 in
1081 923 1163 988 festo
1182 919 1326 998 solemni,

197 1031 302 1076 coram
316 1013 473 1092 omnibus,
488 1014 558 1097 qui¹
571 1013 607 1078 in
620 1013 750 1098 publico
765 1033 784 1078 a
798 1034 870 1098 rege
887 1012 1043 1077 Eduardo
1063 1008 1237 1094 requisitus
1251 1006 1325 1091 quis

197 1099 373 1163 secundum
401 1101 471 1183 ejus
493 1100 691 1166 veredictum
715 1105 799 1166 esset
823 1098 1046 1176 honorabilior,
1073 1095 1265 1160 laudabilior
1290 1093 1325 1157 iu

195 1185 385 1250 strenuitate
406 1186 535 1252 miliciae
556 1207 593 1252 ac
612 1187 648 1252 in
669 1188 794 1252 actibus
808 1185 933 1252 bellicis
947 1190 980 1250 et
993 1183 1148 1270 regimine
1165 1181 1266 1265 regni,
1287 1201 1325 1244 80

195 1271 297 1336 eciam
315 1273 351 1336 in
372 1273 616 1339 continuacione
638 1279 671 1338 et
692 1272 931 1358 expugnacione
956 1271 1106 1347 hostium,
1120 1274 1188 1333 tam
1209 1267 1245 1331 in
1266 1287 1326 1330 sua

195 1365 384 1443 paupertate
398 1380 496 1444 quam
514 1360 550 1424 in
570 1360 738 1444 potestatis
760 1358 961 1435 excellencia,
981 1362 1014 1423 et
1034 1358 1071 1421 in
1093 1357 1157 1420 fine
1177 1354 1325 1418 inimicos

89 1448 92 1457 '
195 1465 269 1510 cum
283 1466 383 1530 parva
395 1445 557 1530 potencia¹
569 1447 605 1510 in
619 1452 765 1530 respectu
780 1445 1010 1510 invincibiliter
1023 1442 1201 1528 superando
1215 1445 1326 1506 contra

196 1531 478 1616 incomparabilem
506 1533 688 1616 potenciam
715 1533 919 1598 inimieorum
947 1551 1086 1609 suorum,
1110 1529 1151 1595 de
1176 1527 1325 1593 omnibus

196 1637 276 1702 quos
291 1619 387 1684 scivit
400 1619 436 1682 in
451 1619 702 1685 Christianitatis
715 1619 836 1685 milicia
857 1617 1044 1704 superstites
1069 1616 1142 1701 quis
1163 1612 1324 1680 validissi-

195 1724 268 1770 mus
284 1704 351 1769 dici
364 1705 519 1771 veraciter
539 1713 573 1771 et
593 1705 828 1772 racionabiliter
848 1706 927 1770 dum
947 1705 1085 1770 vixerat⁰
1098 1705 1240 1788 poterat:
1266 1699 1324 1784 qui

194 1789 382 1869 harialdus,¹
395 1791 556 1857 recitando
571 1792 694 1857 dictum
707 1793 844 1858 aliorum
863 1792 1074 1877 praeeencium
1096 1795 1130 1856 et
1143 1787 1324 1854 dicencium

194 1875 282 1961 quod
303 1877 465 1943 Henricns
486 1879 666 1962 imperator,
686 1878 744 1944 elii
764 1900 839 1944 vero
862 1878 1042 1943 dicencium
1067 1876 1154 1962 quod
1175 1875 1324 1940 dominus

194 1963 346 2046 Ygidius⁸
354 1964 506 2050 Dargent,
516 1965 669 2042 Gallicus,
679 1965 892 2032 strenuissimi
907 1965 1025 2049 [erant]
1037 1968 1070 2029 et
1081 1960 1271 2028 validissimi
1285 1980 1323 2024 ao

194 2049 418 2132 probatissimi,
440 2051 567 2116 dicebat
588 2051 675 2117 enim
697 2057 805 2136 aperte
826 2072 932 2117 coram
953 2051 1102 2115 omnibus
1124 2049 1230 2113 dictus
1251 2047 1324 2110 her-

193 2135 303 2200 raltlns
327 2137 412 2220 quod
438 2138 725 2203 excellentissimus
755 2159 793 2203 ec
821 2137 1069 2214 strenuissimua,
1092 2133 1323 2200 audacissimus

194 2243 232 2286 ac
252 2222 288 2285 in
309 2223 434 2288 actibus
454 2215 578 2289 bellicis
592 2224 818 2303 validissimus,
832 2224 896 2288 fuit
913 2243 970 2288 rex
984 2222 1143 2288 Robertus
1157 2221 1197 2286 de
1212 2221 1324 2302 Broys,

194 2308 391 2374 invincibilis
401 2309 568 2395 princeps3
588 2311 674 2395 quod
686 2315 794 2394 aperte
804 2310 916 2374 multis
926 2309 1106 2375 racionibns
1119 2305 1324 2392 approbando

192 2395 385 2474 fortificavit,
410 2417 447 2461 ac
476 2417 590 2480 corpus
619 2417 715 2462 suum
743 2397 785 2462 ed
813 2397 873 2462 hoc
898 2394 1135 2462 defendendum
1163 2392 1323 2458 offerebat.

193 2481 290 2546 Unde
304 2503 452 2567 magnam
466 2483 622 2548 invidiam
637 2485 678 2548 ab
691 2481 821 2568 Anglis⁹
835 2483 1011 2563 sustinuit3
1035 2481 1092 2546 sed
1106 2481 1146 2545 ab
1160 2478 1321 2545 extraneis

194 2568 339 2634 veritatis
367 2570 563 2636 amatoribus
592 2569 745 2636 honorem
773 2575 806 2636 et
833 2569 1178 2636 recommendacionem
1206 2565 1323 2631 habere

194 2655 320 2722 maurit

246 2915 408 3002 §tumtur
421 2917 459 2986 br
472 2917 622 2986 eleccione
635 2918 765 2987 moritis
779 2916 939 3001 fimetis
953 2917 991 2984 ic
1005 2916 1173 2989 carmina,
1189 2915 1220 2981 at
1234 2912 1271 2980 br

364 3017 446 3085 aliis
460 3017 676 3086 incitantibus
691 3017 759 3086 tiis
774 3015 1063 3103 temporibus—di.
1079 3025 1147 3084 xxc.

195 3152 434 3252 fflORTUO
449 3181 590 3267 quidem,
604 3186 641 3246 ut
654 3179 855 3266 premissum
874 3185 932 3258 est,
946 3175 1214 3245 excellentissimo
1234 3172 1338 3259 prin-n

192 3265 288 3350 cipe¹⁰
301 3287 374 3352 rege
388 3267 535 3345 Roberto,
548 3267 687 3332 Thomas
701 3267 899 3352 Ranulphi,¹¹
909 3267 962 3332 cui
976 3265 1054 3330 alias
1063 3264 1098 3328 in
1112 3262 1322 3348 parliamento

192 3352 362 3418 commissa
389 3359 439 3418 est
464 3373 540 3418 cura
564 3353 728 3438 regiminis
748 3355 839 3438 regni
859 3359 1003 3437 tempore
1024 3349 1217 3415 minoritatis
1238 3346 1321 3431 regis

191 3437 308 3516 David,
319 3439 376 3523 qui
390 3444 458 3503 tam
472 3439 664 3518 notabiliter,
671 3441 767 3523 juste,
783 3438 924 3504 studiose
936 3445 969 3502 et
979 3437 1150 3503 honorifice
1164 3431 1322 3520 regnum¹²

190 3529 334 3608 tempore
348 3525 400 3589 sui
418 3525 581 3610 regiminis
595 3532 629 3590 et
650 3526 802 3592 custodiae
823 3525 952 3610 regebat
973 3530 1006 3589 et
1022 3523 1188 3608 justiciam
1209 3520 1321 3584 minis-

191 3611 306 3688 trabat,
314 3612 400 3695 quod
412 3611 442 3676 ei
453 3611 636 3677 similemin
649 3612 747 3697 gestis
755 3611 846 3696 regni
856 3632 920 3675 non
930 3611 1074 3696 legimus.
1119 3609 1183 3687 Qui
1193 3604 1321 3672 multa¹⁸

189 3697 868 3783 etsaluberrima¹⁴inregnocreevitprorci
875 3697 1013 3783 publicae
1021 3691 1321 3762 utilitateconveni-

190 3783 289 3861 encia,
304 3784 415 3862 veluti,
429 3785 458 3850 si
471 3783 673 3850 latrocinium
689 3783 856 3869 publicum
869 3784 1129 3860 committeretur,
1143 3781 1320 3846 vicecomes

187 3871 361 3954 provincia
389 3872 662 3956 compuracionom
694 3870 896 3955 persolveret,
924 3872 953 3936 si
980 3870 1137 3937 latronem
1161 3888 1227 3932 non
1248 3885 1318 3949 per-

188 3962 380 4041 sequeretur.
425 3957 496 4036 Quo
511 3963 653 4043 tempore
667 3957 784 4024 accidit
797 3957 883 4043 quod
899 3957 1031 4042 quidam
1046 3955 1183 4041 agricola
1196 3972 1319 4030 avarae,

236 4143 246 4176 ¹
259 4145 287 4196 O.
300 4144 329 4194 la
343 4143 437 4212 sigilla,
1004 4142 1056 4197 ¹0.
1071 4144 1103 4195 D.
1116 4143 1147 4194 ll.
1162 4143 1218 4194 add
1228 4147 1278 4196 otc.

164 4275 169 4284 ¹
234 4212 286 4267 ³0.
302 4214 433 4266 heraldus
471 4216 503 4269 D.
516 4215 653 4268 herraldua
663 4218 769 4282 poesim.
1004 4213 1056 4266 ⁴B.
1070 4217 1142 4265 omits
1154 4213 1207 4281 qui.

234 4282 287 4337 ⁶0.
301 4285 332 4336 E.
348 4290 487 4350 potestate.
664 4285 714 4339 ⁰0.
729 4289 844 4338 vexerat.
1003 4283 1013 4321 ¹
1027 4287 1055 4338 O.
1069 4283 1214 4336 heraaldua.

234 4351 245 4389 ⁸
257 4355 287 4408 B.
301 4355 418 4422 Epidius.
662 4354 715 4408 ⁹0.
729 4357 759 4407 Ε.
773 4355 898 4423 Anglicia.
995 4353 1017 4389 ¹⁰
1029 4355 1056 4409 O.
1070 4356 1103 4409 D.
1116 4355 1146 4408 E.
1161 4353 1280 4421 principi.

224 4423 244 4458 ¹¹
258 4426 286 4477 0.
301 4425 332 4478 D.
347 4425 506 4494 Randulphi.
658 4425 680 4462 ¹¹
691 4433 891 4494 torn—rognum
903 4429 931 4478 ia
941 4430 1043 4490 marein
1055 4428 1126 4478 later.

223 4493 286 4548 18Β.
300 4497 367 4549 adda
380 4497 456 4550 bona.
994 4495 1016 4532 ¹¹
1028 4497 1056 4550 C.
1070 4497 1100 4548 Ε.
1113 4497 1167 4548 add
1178 4499 1288 4547 statuta
