3286 5112
639 487 735 538 murm
748 487 866 538 NONUS.
1257 476 1319 536 263

191 665 350 733 regressus
360 649 411 712 est
425 666 499 712 cum
513 644 676 712 dsdecore¹
687 665 810 731 megno.
854 641 1031 710 Praedictus
1044 641 1199 710 interum²
1212 648 1321 710 custus

192 734 260 800 haec
286 733 427 812 audiens,
452 733 510 818 qui
534 734 645 799 morbo
669 733 808 798 nimium
830 737 967 796 vexetus
988 731 1059 808 fuit,
1081 730 1167 816 apud
1188 730 1321 796 Mussil·

191 819 295 906 burgh
309 841 344 886 se
354 819 531 886 trenslerri⁸
541 820 635 886 fecit:
657 820 722 898 ubi,
733 818 892 903 perceptis
903 817 1108 883 sacrementis
1119 817 1322 894 salutaribus,

191 907 337 1058 debitrlrm
347 907 503 974 universae
514 906 618 974 curnis
628 926 703 973 eum
717 905 888 972 devocione
902 905 1030 992 magne*
1040 904 1176 970 feliciter
1185 903 1222 970 in
1231 903 1321 970 brevi

191 995 353 1078 persevit

227 1173 402 1262 §usas
413 1177 553 1264 caelites
565 1175 714 1260 gemtus
726 1175 764 1246 be
778 1175 927 1260 &malae
940 1195 992 1245 car
1004 1175 1089 1262 sepia
1103 1174 1141 1243 iu
1154 1173 1291 1245 unna

335 1274 496 1360 §almam
510 1277 699 1363 marubii,
714 1296 785 1346 aaut
799 1274 1078 1345 lutitianis-dl
1093 1274 1176 1344 xxti.

192 1389 349 1492 DUM
357 1421 467 1484 eutem
476 1438 534 1520 rex
545 1416 712 1517 Rebertus,
722 1416 759 1481 in
769 1414 920 1482 extremis
934 1413 1090 1491 leboinus,
1104 1433 1158 1478 cor
1171 1431 1267 1478 suum
1281 1411 1323 1513 ed

96 1655 97 1660 ψ
190 1500 1322 1675 lllll‘lllllllllulltlltt‘lllllltlnllu

192 1677 275 1755 aliis,
295 1679 380 1742 inter
399 1677 548 1742 inimicus
569 1681 688 1742 senctae
709 1674 812 1742 erucis
834 1676 936 1740 vitem
958 1674 1073 1740 finivit.
1117 1673 1322 1759 Quinymmo‚

192 1770 364 1848 postquem
386 1762 562 1828 recolendas
583 1763 745 1828 memoriae
766 1762 903 1827 Thomas
925 1781 1030 1827 comes
1043 1760 1199 1825 Moreviae
1220 1758 1323 1824 vitam

192 1849 308 1928 finivit,
323 1849 428 1915 dictus
443 1850 466 1916 J
467 1849 584 1915 acubus
598 1849 638 1915 de
652 1848 803 1934 Dougles,
818 1854 856 1913 ut
870 1847 906 1912 in
919 1848 1130 1949 parliamento
1144 1866 1203 1931 per
1215 1846 1323 1911 decre-

193 1943 266 2039 tum
294 1936 476 2038 prdinntum
504 1935 590 2036 fuit.
604 1935 820 2036 gubernacula
847 1954 940 2036 regni
965 1934 1113 2018 suscepit
1159 1933 1201 1998 In
1231 1933 1322 2033 cujus

192 2023 839 2194 mlulutulltldltlt
852 2019 1323 2191 luuffimtlllu

192 2195 322 2282 Anglis,
333 2195 373 2260 ob
387 2195 643 2280 magnitudinem
656 2193 808 2272 criminis,
817 2193 853 2258 in
867 2191 1036 2258 Freneiem
1049 2188 1246 2277 pmgressus⁷
1257 2196 1324 2272 est;

194 2289 237 2360 et,
258 2281 345 2368 apud
365 2280 560 2346 Edwardum
581 2282 621 2347 de
643 2281 779 2347 Belliolo
794 2300 828 2346 se
841 2280 1043 2356 transferens,
1058 2277 1105 2344 sie
1119 2279 1185 2342 eit:
1207 2276 1323 2356 “Ecce

194 2367 324 2434 domina
338 2368 385 2432 mi
399 2389 455 2434 rex
466 2368 592 2447 Scaeiae,
606 2372 734 2452 tempus
755 2373 850 2432 tuum
870 2364 1024 2452 regnandi
1047 2364 1186 2430 advenit.
1230 2362 1324 2441 Quod

194 2455 223 2520 si
236 2454 338 2519 michi
350 2475 416 2520 non
430 2453 649 2540 acquiesceris,
663 2453 902 2520 infelicissimus
923 2451 1091 2517 hominum
1113 2451 1154 2516 sb
1175 2450 1324 2515 omnibus

193 2540 422 2626 praedicaberis.
465 2541 550 2607 Nem
562 2541 719 2606 Rcbertus
730 2541 770 2606 de
780 2541 880 2619 Brois,
891 2539 1040 2605 robustus
1051 2543 1221 2622 occupetur
1234 2537 1324 2622 regni

194 2627 252 2705 tui,
266 2633 412 2693 mortuus
427 2633 476 2694 est
484 2650 493 2708 ;
515 2633 548 2694 et
561 2626 648 2693 filius
663 2628 732 2713 ejus
742 2627 916 2713 juvenisin
926 2626 1109 2691 minoritate
1120 2623 1324 2701 constitutus,

195 2715 240 2780 et⁸
253 2713 519 2800 impedimentum
534 2721 684 2799 praestare
696 2735 763 2780 non
775 2715 911 2798 poterit:
936 2733 1011 2778 nem
1025 2731 1130 2778 comes
1150 2711 1324 2776 Murreviae

194 2807 339 2866 mortuus
354 2806 412 2879 est,
425 2808 459 2867 et
472 2803 496 2867 J
496 2800 627 2867 ncobus⁹
640 2801 791 2886 Douglas,
805 2797 923 2888 e[pu]d
936 2798 1027 2884 regni
1040 2797 1254 2884 gubemccule
1268 2797 1324 2862 ed-

195 2888 321 2966 missus,
335 2888 376 2952 sd
391 2888 541 2954 Sanctam
555 2887 684 2954 Tenum
698 2908 771 2954 cum
791 2887 885 2954 corde
901 2887 984 2971 regis
1004 2887 1165 2969 prefectus
1187 2889 1244 2949 est
1288 2883 1325 2949 Si

195 2995 267 3060 ergo
278 2973 411 3040 consilio
419 2995 492 3040 meo
499 2974 698 3060 acquiescere
706 2973 854 3053 volneris,
862 2973 902 3040 ds
910 2971 999 3038 facili
1008 2970 1324 3056 regnieuidyadema

193 3062 254 3126 tibi
270 3061 415 3127 debitum
436 3083 620 3148 recuperare
640 3062 768 3148 poteris.
811 3063 860 3126 Tu
881 3060 969 3126 enim
990 3058 1114 3124 scivisti
1131 3058 1171 3123 de
1188 3057 1324 3123 interitu

194 3148 371 3213 multorum
385 3149 542 3214 nobilium
556 3149 592 3214 in
606 3149 697 3234 nigro
716 3148 927 3234 parliamento
943 3147 1223 3229 interemptorum:
1244 3164 1323 3228 quo-

194 3255 268 3298 rum
280 3239 428 3318 parentes
443 3235 483 3302 de
497 3235 585 3301 lucili
598 3235 660 3300 tibi
671 3233 895 3301 convenientes
910 3231 1105 3318 adjutorium
1115 3232 1322 3315 praestebunt.

196 3321 267 3385 Rex
288 3321 389 3386 vero¹⁰
408 3321 535 3406 Angliae
560 3320 697 3388 libenter
719 3320 782 3384 tibi
805 3322 842 3384 in
866 3319 1046 3386 subsidium
1071 3317 1324 3384 sublevabitur.u

196 3405 320 3472 Idcirco
335 3427 389 3470 cur
401 3410 496 3470 tuum
510 3407 594 3492 erige
609 3412 642 3472 et
655 3397 831 3472 confortare
844 3409 881 3472 in
891 3407 964 3491 jure
978 3412 1045 3483 tuo,
1060 3412 1093 3470 et
1106 3405 1243 3470 viriliter
1254 3425 1324 3489 nge3

197 3498 230 3557 et
244 3491 362 3557 emicas
376 3496 449 3558 tuos
463 3491 500 3557 in
521 3493 680 3558 auxilium
700 3493 823 3571 invoee,
838 3497 870 3558 et
891 3513 1021 3577 regnare
1043 3491 1178 3557 feliciter
1200 3496 1234 3556 et
1253 3491 1323 3556 lon-

197 3599 285 3664 gaeve
298 3579 326 3642 l'’
370 3579 414 3642 Et
438 3579 485 3644 sic
509 3578 623 3643 infelix
644 3580 748 3656 homo,
770 3581 828 3678 qui
853 3579 894 3644 ed
915 3579 980 3644 tale
1002 3578 1201 3666 propositum
1223 3597 1324 3642 nunc-

197 3685 296 3750 quem
316 3665 503 3730 inclinasset
524 3686 578 3730 cor
598 3684 703 3741 sunm,
723 3664 788 3729 nisi
809 3665 870 3730 hoc
891 3666 1004 3732 fuisset
1027 3688 1068 3732 ex
1089 3661 1325 3731 instinccione1²

194 3751 369 3836 supradicti
394 3752 564 3836 proditoris
589 3749 760 3838 Tvynam¹⁸
784 3751 1050 3832 Isurison,¹⁴-et
1075 3753 1129 3830 sic,
1152 3751 1192 3816 ed
1217 3771 1323 3834 regem

243 3912 294 3966 ¹0.
307 3915 407 3966 decore
446 3915 474 3966 0.
487 3915 517 3966 lu
531 3916 590 3966 cnud
608 3929 703 3981 magno
720 3915 775 3967 cred
792 3916 847 3968 add
864 3919 892 3966 et
909 3914 1006 3966 laxetis
1024 3914 1132 3964 habenis
1145 3913 1183 3975 (O.
1203 3912 1237 3963 eb
1255 3913 1323 3976 ejus)

194 3986 340 4038 exercitum
352 3985 466 4037 reduxit
1010 3982 1062 4034 ²13.
1077 3983 1105 4034 G.
1118 3983 1151 4034 D.
1164 3982 1193 4032 u
1208 3983 1321 4034 interim.

242 4055 294 4110 ³0.
307 4057 338 4106 u.
353 4055 542 4122 Muslrilburglr
554 4054 745 4109 mundalem.
1008 4051 1059 4107 ⁴0.
1074 4053 1104 4105 E.
1119 4053 1240 4104 maxima

242 4125 295 4178 ⁶0.
308 4127 338 4177 E.
352 4129 413 4178 osred
426 4125 557 4193 Sequitur.

241 4195 294 4250 ⁰0.
310 4197 338 4248 E.
353 4196 489 4248 demeritis
501 4199 664 4263 prosecutus.
700 4195 731 4247 D.
746 4195 923 4261 clterfdsrcm
934 4193 1077 4248 demeritis.

242 4265 298 4320 ¹1).
312 4283 469 4334 pergressus
611 4265 663 4318 ⁸0.
677 4267 706 4318 u
720 4265 778 4317 tibi.
973 4263 1024 4318 ⁰0.
1038 4265 1070 4315 D.
1084 4261 1113 4314 Ε.
1127 4264 1188 4314 emit
1199 4263 1321 4315 Jcccbrm.

233 4335 255 4371 ¹⁰
267 4339 295 4390 0.
309 4338 341 4390 D.
354 4339 385 4389 Ε.
399 4338 489 4389 eciem.
595 4333 616 4370 ²¹
629 4337 657 4391 O.
670 4336 852 4390 sullsvebitur.
965 4333 988 4369 ¹²
999 4337 1027 4388 0.
1042 4335 1071 4387 E.
1085 4333 1264 4402 instigscians.

233 4407 254 4442 ¹³
266 4410 294 4462 0.
309 4408 340 4459 D.
355 4409 385 4460 Ea
398 4409 535 4474 Twynern.

233 4477 255 4513 ¹⁴
266 4479 295 4532 0.
309 4479 340 4532 E.
352 4479 494 4533 Imwriwn.
532 4477 563 4529 D.
577 4477 753 4542 cimwdsrom
765 4477 901 4531 Lourinon.
940 4477 969 4530 0.
982 4477 1013 4530 Ε.
1026 4479 1086 4530 omit
1098 4478 1133 4527 et.
