3286 5112
676 507 770 560 usur
785 509 902 561 NONUS.
1296 501 1358 562 289

226 669 375 735 divinum
392 667 562 736 servicium
576 668 691 755 vigera,
706 677 739 734 at
752 668 789 733 in
802 667 955 754 religione
970 675 1003 734 et
1017 669 1090 735 aliis
1104 667 1237 734 divinis¹
1251 669 1358 735 cultus

149 829 151 835 ,
225 757 392 822 ordinibus
406 776 553 842 prospera
567 757 738 822 reformari
783 756 828 820 Et
849 756 904 834 sic,
925 776 983 840 par
1003 757 1196 841 probitatem
1219 756 1358 822 Andraae

225 842 756 928 ueMoravia,etperlab01amet
776 842 979 945 diligenciam
1001 843 1133 908 Robcrti
1156 843 1299 944 sumu
1320 843 1357 944 in

224 937 482 1096 bullit
493 929 1198 1101 iubjttbmbiuumubbli
1215 934 1358 1102 gitti

224 1103 383 1170 duntaxat
403 1102 600 1204 Edinburgb
614 1101 797 1188 chburgb,
811 1103 949 1180 Bcrwik,
968 1102 991 1167 J
992 1101 1142 1183 adarcrd,¹
1155 1103 1358 1182 Loumabcn,

225 1210 299 1255 cum
313 1189 507 1274 quibusdam
520 1189 670 1255 mrnutis⁸
683 1189 846 1254 tuniculis
860 1187 994 1254 mcdicae
1015 1189 1216 1256 rasistcnciae.
1260 1190 1356 1255 Anno

224 1276 360 1342 Domini
387 1277 574 1342 u⁰ccc⁰xli⁰
603 1282 744 1341 castrum
773 1275 813 1340 da
838 1274 1027 1360 Edinburgh
1055 1295 1114 1362 per
1141 1275 1356 1342 willelmum*

225 1363 368 1448 Douglas
397 1369 431 1428 at
458 1361 662 1428 Willalmum
691 1361 811 1426 Bullolr
839 1362 1015 1446 prudenter
1042 1370 1174 1448 captum
1202 1363 1357 1450 lantper

225 1449 368 1516 madium
382 1448 550 1534 cujusdam
574 1447 726 1526 naucleri
740 1447 793 1513 cui
814 1468 933 1514 noman
953 1447 1116 1515 Waltcrus
1139 1451 1259 1534 uuny:
1282 1470 1356 1516 cum

223 1557 289 1620 quc
317 1542 535 1602 convenamnt
563 1535 686 1600 domini
712 1533 912 1601 willalmus⁴
943 1535 1086 1622 Douglas
1112 1543 1147 1602 st
1170 1535 1356 1602 Willalmus

223 1623 352 1700 Bullok,
381 1642 545 1688 unacum
565 1620 730 1687 Willalmo
755 1621 876 1688 Itbcsail
901 1627 935 1688 ct
958 1622 1119 1708 loachym
1142 1624 1184 1690 ds
1209 1623 1356 1700 Kinbuk,

223 1709 309 1794 quod
318 1710 396 1794 ipse,
405 1709 508 1794 captis
518 1729 628 1774 sacum
635 1708 828 1794 quibusdum
835 1709 1228 1794 probatissimisvirisnon
1236 1710 1356 1796 paucis,

224 1797 260 1860 in
281 1797 358 1862 navi
372 1816 431 1862 sus
444 1795 531 1880 apud
544 1794 732 1861 Ynchkaitb
747 1815 781 1862 sc
801 1795 945 1874 locando,
959 1803 992 1861 at
1013 1797 1178 1882 capitaneo
1192 1797 1233 1863 ds
1255 1797 1356 1862 Edin-

224 1882 327 1969 burgb
341 1903 376 1948 sa
390 1883 426 1948 iu
436 1883 563 1968 propria
583 1901 719 1969 persona
739 1882 967 1962 transferendo,
981 1889 1015 1948 ct
1028 1883 1164 1949 dicando
1179 1884 1265 2034 (prod
1286 1884 1356 1970 ipsa

224 1975 381 2034 mercator
388 1969 506 2047 extitit,
517 1975 550 2034 at
560 1969 646 2054 quod
659 1969 695 2034 in
709 1969 851 2035 favorem
865 1969 1015 2034 Edwardi
1026 1969 1066 2035 ds
1080 1969 1186 2035 Ballio
1199 1977 1263 2035 cat
1272 1970 1354 2054 ragis

223 2055 352 2140 Angliae
365 2053 406 2157 fia
419 2055 549 2158 cinglis,
562 2076 636 2156 curn
650 2053 848 2156 quibuspiam·
856 2055 1050 2121 victualibus
1058 2055 1135 2156 'vini
1153 2062 1187 2122 at
1201 2056 1355 2121 frumenti

223 2141 1356 2314 balbutittbbtbffzltpbqlbbluutttub

223 2315 464 2394 demonstravit,
478 2315 640 2380 affirmans
658 2314 745 2401 quod
766 2334 869 2380 unum
912 2315 1013 2380 olium
1034 2315 1105 2380 vini
1122 2321 1158 2380 st
1178 2313 1267 2380 aliud
1289 2313 1355 2379 iru-

224 2403 327 2467 menti
341 2422 398 2486 pm
411 2403 481 2486 ejus
496 2401 604 2468 favore
617 2408 651 2467 at
664 2401 873 2502 prctaccicnc,
887 2408 926 2467 ut
945 2401 1056 2468 nullus
1078 2401 1142 2467 sibi
1161 2401 1354 2466 violenciam

223 2488 277 2554 val
290 2489 443 2574 iujuriam
456 2489 629 2567 inseruerat,
651 2487 751 2554 libera
773 2487 913 2554 dancrat
958 2487 1052 2568 Quod
1076 2488 1262 2573 capitaneus
1284 2509 1355 2572 gru-

223 2581 330 2641 tantar
344 2581 522 2661 acceptans,
542 2574 677 2642 radditis
697 2574 874 2662 graciarum
896 2575 1088 2653 accionibus,
1113 2575 1252 2640 cundem
1272 2594 1354 2640 mar-

222 2670 362 2728 catcram
374 2661 416 2729 da
430 2663 534 2747 Ourry
547 2670 587 2727 ut
599 2681 725 2727 summa
738 2681 833 2726 mans
854 2661 897 2727 sd
917 2669 1025 2746 portas
1044 2663 1140 2728 castri
1163 2681 1237 2727 cum
1258 2660 1353 2726 dictis

222 2749 299 2814 vino
328 2755 362 2815 ct
389 2749 550 2814 birmento
577 2749 703 2814 venirat
730 2748 888 2813 instanter
909 2749 1111 2834 supplicavit.
1169 2749 1246 2834 Ipsa
1265 2747 1355 2814 rara⁸

222 2835 390 2902 mamacas
403 2835 443 2901 dc
458 2836 571 2920 carry,
584 2835 630 2900 im
652 2833 727 2900 latis
741 2834 866 2900 duobus
880 2835 980 2901 doleis
1001 2855 1105 2901 unum
1125 2834 1166 2901 da
1186 2834 1299 2900 sabulo
1320 2841 1354 2900 at

222 2921 312 2988 aliud
334 2922 375 2989 ds
395 2941 480 3007 aqua
499 2922 535 2987 in
556 2941 622 3007 qua
662 2942 697 2986 m
718 2920 872 3008 quadriga
895 2921 1017 3008 positis,
1043 2921 1085 2988 ad
1109 2927 1234 3008 portam
1257 2921 1353 2988 castri

222 3029 348 3074 summa
362 3029 457 3074 manc
471 3027 506 3074 se
526 3029 717 3095 praeparans,
738 3008 904 3074 dominum
925 3008 1127 3075 Willalmum
1148 3009 1189 3074 da
1210 3008 1353 3093 Douglns

221 3094 258 3160 in
268 3095 407 3182 quodum
421 3096 490 3162 loco
505 3101 624 3162 sacrato
637 3115 737 3181 pmps
797 3101 872 3173 itas,
893 3115 967 3161 cum
988 3095 1136 3161 ducentis
1157 3095 1296 3173 armatis,
1317 3095 1353 3160 in

222 3183 327 3248 noctis
343 3183 476 3248 silencio
490 3182 702 3248 constitutum
718 3201 755 3247 cc
781 3182 886 3247 ocavit
894 3205 903 3263 ;
928 3187 961 3248 et
974 3183 1118 3267 seipsum
1139 3202 1213 3247 cum
1227 3181 1353 3247 duobus

222 3269 378 3335 subiectis
403 3269 571 3334 airnatuuis
596 3268 729 3346 indutis,
752 3268 831 3334 alios
855 3288 930 3334 varo
956 3268 1125 3335 duodecim
1153 3275 1227 3354 post
1252 3289 1286 3334 sa
1311 3268 1352 3334 dc

222 3353 325 3456 langa,
349 3355 443 3439 quasi
466 3359 574 3420 essent
598 3354 742 3420 naucleri
766 3355 806 3420 ds
831 3375 913 3420 nava
936 3355 1035 3420 simili
1059 3355 1154 3420 modo
1176 3355 1353 3434 venientes,

222 3441 390 3544 primavit
435 3440 559 3519 Quibus
573 3441 661 3541 visis
675 3439 809 3540 indilate
823 3446 933 3543 sparta
947 3447 996 3507 ast
1010 3449 1105 3543 porta
1115 3441 1213 3544 castri
1231 3442 1353 3526 maj0r3

221 3525 708 3680 bituminis
720 3527 1353 3700 tibbubbbutllffitltt

222 3699 423 3766 Willalmum
431 3701 471 3766 da
480 3699 623 3786 Dcuglas
632 3719 707 3765 cum
717 3718 775 3765 suo
785 3700 929 3766 axsrcitu
943 3701 1164 3768 excitaverunt
1171 3726 1180 3783 3
1202 3705 1236 3767 at
1249 3721 1351 3785 usqua

221 3786 263 3853 ad
277 3807 373 3854 suum
394 3786 570 3853 adventurn
590 3793 699 3872 portas
720 3783 943 3853 dalsndamnt⁷
964 3789 1093 3854 acriter:
1118 3789 1239 3854 multos
1268 3788 1350 3852 occi-

221 3873 335 3954 dendo,
363 3874 502 3960 aperus⁸
528 3873 757 3939 custodierunt
819 3871 884 3952 Qui
915 3874 1073 3942 intrantes
1101 3875 1206 3961 plana,
1238 3874 1350 3940 multis

220 3961 389 4027 trucidatis
403 3968 437 4026 at
450 3961 571 4038 occisis,
593 3959 673 4026 alios
694 3959 838 4046 captivos
863 3961 899 4027 in
922 3963 1099 4028 carceribus
1122 3961 1267 4046 ejusdam
1287 3960 1351 4026 loci

219 4048 462 4135 deputaverunt.
507 4047 603 4114 Unda
617 4048 757 4113 multum
770 4045 872 4114 lauti
893 4053 971 4114 aunt
983 4049 1071 4114 villae
1084 4045 1280 4133 burgenses,⁹
1293 4048 1351 4132 qui

267 4207 277 4244 ¹
289 4209 388 4262 divinis
401 4211 427 4262 in
436 4212 547 4277 mavia
653 4205 705 4262 ¹0.
718 4209 748 4261 lu
761 4211 780 4262 J
781 4209 889 4264 adwcrt
927 4211 959 4264 D.
973 4211 1126 4264 Jsdwcurd.

266 4279 322 4333 ³1).
335 4281 453 4334 munitis
654 4277 666 4314 ⁴
677 4279 707 4334 0.
720 4279 753 4332 D.
767 4281 797 4335 11
810 4282 866 4334 cdd
877 4280 917 4334 dc.
1045 4279 1057 4316 ⁶
1069 4281 1099 4336 B.
1112 4284 1186 4334 amita
1197 4297 1266 4334 varo.

267 4347 655 4416 tuemurumwsrlata.
692 4350 926 4404 uluucmuu

267 4418 319 4474 ²0.
333 4421 366 4474 D.
378 4421 558 4474 dciandsntar.
596 4422 626 4473 n
639 4419 816 4488 alteradsrcm
827 4422 1005 4474 defendantur.

268 4489 321 4544 ⁸0.
334 4493 367 4546 D.
381 4493 411 4544 ll.
425 4497 537 4560 apertos.
1045 4490 1096 4545 Ὀ.
1111 4495 1142 4550 Ε.
1155 4493 1336 4570 burgsnsibur,

776 4577 797 4626 Τ

1373 1308 1425 1347 nn.
1437 1299 1504 1348 1341.
