3240 5130
286 457 348 520 406
750 473 915 522 nrrsnnrx
931 473 950 522 1.

291 645 310 712 ζ
347 629 532 715 Plusoardy,
546 631 582 695 in
596 631 750 696 Moravia.
792 631 957 698 Fundetur
971 631 1041 696 Rex
1055 629 1244 698 Alexander.
1283 631 1416 696 Ordinis

412 718 575 803 quondam
595 717 700 784 Vallis
722 718 881 796 caulium,
904 738 992 784 nunc
1012 717 1167 784 Monochi
1188 717 1281 805 Nigri
1292 741 1301 800 3
1332 718 1415 784 cella

411 805 452 870 ds
467 804 695 890 Dunicrmlyn.
837 849 838 854 η

284 936 317 1003 4
345 928 569 1012 Munymouss,
582 929 618 992 in
640 928 722 1006 Mar,
743 926 864 994 ordinis
885 926 997 994 Sancti
1021 927 1203 1015 Augustini
1247 927 1413 994 Fundator

410 1015 578 1100 episcopus
594 1015 705 1080 Sancti
718 1014 870 1081 Andreae.

285 1148 318 1212 -Ι-
349 1138 585 1217 Strauthfulan,
612 1140 648 1205 in
684 1187 691 1204 .
731 1189 740 1205 .
779 1187 786 1204 .
824 1137 944 1205 ordinis
977 1139 1091 1206 Sancti
1119 1139 1303 1224 Augustini,
1331 1139 1414 1204 colla

411 1227 532 1293 Insulae
546 1227 731 1292 Missarum.

284 1359 316 1426 -Ι-
349 1349 436 1416 Loch
449 1352 526 1436 Tay,
540 1350 661 1416 ordinis
676 1351 788 1416 Sancti
800 1348 986 1436 Augustini,
1000 1349 1081 1416 cella
1096 1348 1136 1414 de
1151 1350 1261 1415 Scona

600 1867 788 1934 NOMINA
808 1867 1088 1934 MONIALIUM.

279 2028 391 2181 11131113
411 2029 508 2181 1Ιοιιῖ,
536 2028 658 2096 ordinis
688 2029 799 2096 Sancti
825 2030 1010 2118 Augustini
1069 2029 1234 2096 Fundetur
1270 2033 1409 2098 Sanctus

393 2137 481 2182 oum
502 2137 529 2182 a

278 2240 511 2307 Southberwik.
544 2240 718 2346 ¹Ilnndctor
733 2241 869 2308 Sanctus
883 2241 954 2307 Rex
967 2241 1085 2307 David

276 2365 311 2430 N
310 2364 512 2430 orthbcrwik.
556 2364 721 2430 Fundstor
735 2367 912 2432 Duncanus
927 2386 1033 2432 comcs
1046 2365 1087 2433 de
1101 2366 1180 2433 Fila.

277 2489 386 2568 Edlcz,
399 2489 436 2554 in
448 2489 494 2554 lo
507 2489 606 2556 Mers.

276 2616 474 2702 Hadington,
501 2616 538 2682 in
567 2615 739 2682 Laudonia
799 2615 977 2682 Fundatrix
1012 2615 1086 2682 Ado
1115 2615 1295 2696 domitiaco,
1323 2641 1406 2685 uxor

363 2715 498 2781 Hanrici
512 2714 553 2781 dc
568 2715 794 2801 Huntyngton.

276 2839 506 2918 Glencloudan,
521 2839 566 2905 'in
592 2840 758 2906 Galwidia
802 2839 966 2906 Fundator
995 2839 1104 2907 Othrs.
1147 2841 1349 2908 Translatum
1374 2843 1412 2908 in

362 2926 532 3012 collegium
547 2927 734 2994 clericorum
748 2927 959 2992 secularium.

276 3049 387 3117 Sancti
401 3051 575 3128 Bouchani,
589 3051 625 3115 in
639 3051 875 3117 Iammirmora

277 3173 427 3253 Manwel,
441 3175 477 3239 in
491 3173 663 3241 Landonia

276 3299 399 3379 Elkosr,
413 3299 449 3364 in
466 3298 643 3365 Strathern.

275 3425 394 3509 Eulyn‚
407 3425 442 3490 in
457 3424 629 3504 landonis,
644 3424 725 3490 cella
739 3424 779 3491 dc
793 3425 1028 3492 Southberwilc

328 3538 448 3605 Omnes
462 3537 616 3604 moniales
631 3537 750 3604 ordinis
766 3537 985 3616 (listerusnsis,
1000 3543 1134 3622 excepta
1148 3537 1255 3604 insula
1270 3538 1361 3604 Iona.

668 3837 1025 3848 *—

493 4071 688 4138 FRATRES
709 4073 895 4139 SANOTAE
915 4072 1178 4139 TRINITATIS.

445 4235 529 4300 Fale.
930 4236 1105 4301 Crennocln

446 4321 644 4474 {mune
927 4321 1233 4390 Scotlendis-wellis.
