3282 5124
318 493 378 552 178
687 499 783 548 Lienis
797 497 1065 548 Pnuscsnnnnsls

314 679 354 724 ex
368 659 429 724 hoc
445 659 548 743 ipsius
568 657 651 741 rogis
672 656 879 722 dileccionem
892 662 925 721 et
938 655 1067 720 uberius
1082 673 1222 719 emerem
1234 649 1393 728 merearis,
1407 655 1440 714 et

313 767 372 831 per
385 746 445 810 hoc
459 766 518 810 nos
526 745 593 808 tibi
608 743 707 828 magis
724 743 759 806 in
773 744 839 808 tuis
861 741 1144 827 oportunitatibus¹
1156 739 1302 804 invenies
1316 738 1440 838 favoru-

314 833 442 897 biliores
465 837 497 897 et
517 830 692 895 benevolos.
736 831 859 894 Datum
873 829 1025 904 Vicerbis,
1040 828 1155 912 quinto
1175 825 1329 891 kalendas
1349 824 1441 900 Meu,

316 924 349 982 et
362 918 567 1002 pontificatus
581 917 683 982 nostri
696 935 779 980 enno
794 923 838 994 1⁰,
854 923 887 981 et
901 935 985 980 enno
1000 914 1121 981 Ohnsti
1133 921 1174 978 ΜΟ
1182 922 1231 978 oc⁰
1245 910 1386 976 mue*

361 1005 480 1069 Omnes
504 1003 592 1070 enim
614 1003 672 1067 hos
695 1002 802 1086 copies
825 1009 1043 1088 procuratores
1066 1001 1184 1066 Soociae
1206 999 1243 1063 in
1265 997 1354 1062 curie
1376 997 1441 1060 Ro·

316 1109 412 1156 manu
427 1091 600 1156 existentes
614 1090 774 1154 miserunt
794 1089 835 1153 ed
858 1109 992 1174 regnum
1007 1088 1132 1165 Seociae,
1146 1086 1188 1150 ad
1202 1105 1298 1168 super
1312 1083 1441 1149 eosdem

314 1177 556 1254 evertendum?
577 1176 807 1241 consulendum
826 1181 860 1241 et
875 1174 1150 1260 respondendum
1180 1173 1238 1257 qni
1258 1190 1334 1236 vero
1358 1170 1440 1234 bene

316 1263 456 1330 consulti
478 1271 511 1329 et
531 1262 653 1328 evisiti⁴
674 1263 792 1328 Scoeiae
814 1262 970 1340 consules,
991 1261 1032 1325 ed
1057 1261 1179 1326 curiam
1201 1263 1370 1343 sequentes
1389 1255 1440 1320 in-

316 1351 510 1416 strucciones
524 1350 776 1415 transmiserunt

371 1604 540 1694 Srqcnior
553 1606 746 1691 chiminum
761 1605 934 1688 §mistero
948 1606 987 1674 eh
1002 1606 1150 1689 tomento
1164 1604 1287 1673 finoni
1300 1603 1386 1686 repis

587 1787 590 1794 .
617 1703 802 1789 anulorum
816 1706 1071 1776 &inermi-ti.
1087 1705 1143 1774 xli

319 1826 536 1927 RARUM
551 1874 678 1938 quoque
691 1854 856 1920 literarum
877 1856 993 1940 copies,
1007 1876 1081 1920 cum
1095 1855 1167 1920 eliis
1188 1855 1334 1939 singulis,
1347 1873 1440 1954 pepoe

316 1939 487 2004 Bonifooii⁶
511 1940 662 2005 exhibitis
691 1946 725 2006 ot
751 1942 787 2004 in
816 1943 1009 2007 contrarium
1037 1943 1203 2007 Scotorum
1231 1946 1439 2026 praesentatrs,

317 2044 461 2091 summus
486 2027 631 2110 pontifex
660 2047 835 2111 persuum
863 2028 1023 2093 noterium
1051 2027 1221 2112 specialem
1249 2027 1285 2091 in
1309 2027 1438 2110 publico

312 2111 507 2197 juramento?
520 2113 660 2197 redigere
677 2115 783 2197 jussit,
805 2120 838 2180 ct
860 2115 1026 2180 Scotorum
1047 2115 1237 2180 nunciorum
1258 2113 1438 2198 aspectibus

316 2199 485 2283 diligenter
513 2199 747 2265 examinandis⁸
774 2201 897 2266 trudere
925 2201 1094 2285 praecepit;
1121 2199 1266 2284 nequid
1294 2201 1331 2264 in
1359 2199 1438 2283 ipsis

317 2285 403 2368 quod
431 2287 598 2371 negocium
626 2286 802 2372 principale
830 2293 1032 2353 eonoemeret
1061 2293 1248 2353 contentum
1272 2285 1369 2351 letere
1398 2286 1439 2349 eb

315 2371 438 2436 eorum⁰
458 2373 641 2456 cognicione
663 2375 878 2457 contingeret:
902 2374 958 2439 sed
981 2373 1068 2458 quod
1088 2373 1208 2458 pocius,
1223 2393 1263 2438 ex
1284 2372 1437 2437 delibere-

315 2457 1439 2630 seih..

317 2630 458 2696 Scociom
472 2630 588 2707 missis,
602 2637 635 2695 et
648 2631 807 2715 responsis
828 2623 902 2696 euin
916 2637 1042 2697 maturo
1062 2633 1290 2698 deliberacione
1311 2631 1439 2708 habitis,

316 2735 391 2780 oum
404 2716 611 2799 sequentibus
636 2717 903 2782 instruccionibns
926 2719 1058 2802 praeleti‚
1076 2720 1211 2784 barones
1235 2725 1269 2783 et
1293 2717 1438 2784 consules

317 2801 435 2866 Soociae
445 2802 486 2866 ad
500 2803 620 2867 curiam
641 2804 847 2869 remiserunt:
869 2825 942 2889 qnae
955 2813 1106 2870 secuntur
1119 2807 1155 2870 in
1169 2805 1270 2870 forms
1282 2825 1339 2890 per
1352 2803 1438 2869 hunc

316 2886 448 2952 modum
462 2890 682 2972 sequentem.¹⁰

317 3156 486 3246 §sonnino
508 3158 737 3227 imitationes
759 3159 867 3228 otim
888 3160 927 3229 oi
949 3163 1066 3230 rurisru
1084 3160 1266 3242 Bonnam
1286 3181 1340 3246 pm
1360 3181 1437 3246 m.

402 3257 805 3426 urinum
966 3263 1074 3328 ....
1215 3260 1346 3346 ...2

319 3491 451 3588 PER
465 3516 637 3601 apostolice
650 3518 773 3585 dudum
788 3520 906 3606 scripte
920 3523 1037 3589 citatus
1051 3543 1107 3589 rex
1128 3525 1263 3612 Angh'ae,
1278 3527 1343 3611 qui,
1357 3532 1438 3593 tem·

316 3605 401 3689 poris
416 3603 457 3668 ad
473 3603 532 3704 hoc
554 3607 769 3730 opportunitate
791 3613 926 3709 captato,
941 3629 1028 3712 more
1046 3611 1239 3692 insidiantis,
1253 3619 1291 3678 ut
1312 3621 1438 3679 noceret

317 3711 358 3754 ex
372 3689 556 3755 abscondito
597 3712 729 3777 regnum
752 3694 869 3760 Scocme
890 3696 951 3760 srbr
966 3715 1118 3776 uernum,
1132 3719 1248 3764 recens
1270 3705 1303 3766 et
1324 3699 1438 3784 coeph-

317 3777 412 3852 olum,
427 3782 459 3841 et
480 3776 515 3840 in
536 3785 641 3860 portes
662 3778 845 3858 laceratum,
859 3787 897 3845 nt
911 3789 986 3866 pote
1002 3785 1128 3867 proprio
1150 3805 1221 3871 rege
1235 3787 1437 3864 viduetnm,¹³

363 3956 373 3992 ¹
385 3959 413 4012 O.
429 3959 456 4012 D.
470 3962 649 4026 oportuoibus.
754 3962 806 4016 ²1³.
819 3965 892 4017 lxvi‘.
1088 3967 1139 4023 ’Β
1154 3971 1180 4023 0.
1195 3972 1226 4024 Ε.
1238 3973 1400 4026 tricandum.

362 4028 413 4081 ⁴0.
427 4029 458 4081 D.
472 4031 501 4083 D
512 4033 613 4085 svissti
753 4033 803 4087 ⁵0.
818 4036 847 4086 D
861 4035 916 4086 add
927 4039 1086 4102 opponendo

363 4097 375 4130 ⁶
387 4101 414 4150 0.
429 4100 566 4153 Boniiecis
603 4102 634 4155 D.
648 4103 788 4156 Bonifscie.
823 4105 854 4156 Ε.
868 4107 1000 4159 Boniiscis
1012 4109 1106 4161 aitered
1117 4119 1143 4162 to
1154 4111 1295 4165 Boniiocio.

363 4167 375 4202 ⁷
388 4170 417 4220 B.
431 4171 459 4221 Ο.
473 4171 504 4224 D.
518 4173 548 4222 D.
561 4173 744 4228 instrumento.
1088 4177 1139 4232 ⁸B.
1154 4181 1184 4234 n
1197 4183 1390 4237 examinandas.

361 4235 373 4270 ⁰
385 4240 412 4291 O.
426 4239 455 4292 n
469 4245 529 4293 cruit
540 4241 574 4294 ab
585 4259 682 4308 eornm,
695 4245 748 4295 arrd
760 4245 789 4297 D
802 4245 850 4296 tos
861 4246 1043 4314 cognicionem

351 4306 373 4342 ¹⁰
384 4311 413 4362 Β.
426 4318 558 4378 reqrrente.
596 4314 624 4365 0.
638 4313 669 4378 D.
684 4314 714 4366 E.
728 4315 868 4382 sequentis.
1077 4318 1098 4354 ¹¹
1110 4322 1138 4374 0.
1153 4323 1184 4376 E.
1197 4327 1257 4376 ornil
1269 4323 1437 4377 sewardum.

351 4377 373 4413 ¹²
385 4379 413 4431 0.
426 4380 457 4433 Ε.
472 4383 631 4435 obscondito.

350 4446 373 4482 ¹⁸
384 4450 411 4504 Ο.
426 4451 455 4504 Ε,
468 4453 610 4506 viduatam.
647 4454 678 4506 D.
691 4455 826 4508 ridentum
839 4458 935 4510 altered
946 4465 971 4512 to
982 4459 1127 4516 ridrretnm.
