3282 5124
300 380 359 438 184
669 385 764 442 mena
778 391 1046 443 PLUSGARDENSIS.

294 549 393 613 tercia
413 569 486 633 pars
500 556 559 627 est,
572 549 612 615 de
626 570 692 635 qua
709 571 766 616 rex
780 550 906 636 Angliae
927 550 1046 626 scribit,
1060 548 1171 614 eedem
1189 549 1262 632 jure
1275 551 1309 613 ot
1322 546 1418 612 titulo

294 654 359 718 quo
385 636 503 700 Brutus
524 643 625 701 totam
645 644 719 721 post
743 643 951 721 occupaverat
974 635 1160 714 Britaniam,
1182 634 1331 720 imposito
1355 633 1419 716 ipsi

294 721 387 803 parti¹
405 721 451 786 sic
465 731 626 806 occupatae
638 723 753 788 insulae
766 745 822 808 per
835 725 921 808 ipsos
936 724 1045 788 Scotcs
1060 743 1143 786 novo
1156 721 1285 786 nominc
1298 719 1418 800 Scaeis,

294 806 336 870 ab
349 807 419 892 ipsa
432 809 535 888 Secta,
547 809 719 876 Pharaonis
728 811 795 876 filis
808 817 842 874 st
856 810 1022 875 Scotorum
1036 808 1177 873 domina:
1191 807 1277 872 unde
1287 805 1419 882 voratus,2

552 947 641 1012 Scoti
655 968 674 1012 a
688 946 791 1024 Secia,
805 937 824 1010 a
838 945 941 1010 Sectis
956 944 1067 1010 Scccia
1080 950 1156 1009 tcta

291 1092 421 1170 Quibus
437 1094 485 1160 sic
506 1095 595 1174 actis,
611 1095 697 1160 Secti
718 1095 874 1171 Britones,
887 1115 962 1158 curn
983 1113 1041 1158 suo
1062 1114 1142 1177 rege,
1160 1091 1294 1177 legibus,
1307 1091 1418 1176 lingua

294 1189 328 1243 et
348 1181 497 1259 moribus,
511 1182 551 1247 de
564 1183 715 1266 praediata
728 1188 817 1266 parte
839 1181 953 1245 insulae
966 1179 1110 1245 exulavit
1118 1179 1143 1260 3⁸
1164 1179 1280 1244 exinde
1300 1199 1417 1244 nornen

293 1273 453 1343 novums.
469 1269 587 1347 Scocia,
597 1274 720 1333 mutato
735 1267 864 1332 nomine
873 1266 1026 1345 Albaniae,
1035 1265 1074 1331 de
1088 1271 1199 1331 caetero
1210 1266 1341 1349 accepit,
1352 1285 1418 1329 una

292 1353 380 1418 cnm⁴
394 1353 559 1419 Scotorum
579 1362 681 1439 gente,
694 1354 812 1438 lingua,
826 1353 950 1438 legibus
971 1360 1004 1418 et
1024 1353 1174 1431 moribus,
1187 1351 1273 1436 quod
1294 1352 1417 1416 notorie

237 1479 240 1488 ι
292 1444 424 1524 apparet
441 1461 544 1524 nsque
565 1441 600 1504 in
621 1441 811 1505 hodiernum
827 1441 922 1518 diem,
935 1460 1010 1503 curn
1023 1439 1165 1504 dominio
1185 1438 1327 1522 ejusdem
1347 1437 1416 1522 ple-

293 1526 381 1590 narie
391 1545 547 1608 possess03
565 1526 681 1610 quibus
695 1525 796 1590 nichil
810 1547 977 1592 commune
989 1546 1062 1591 cum
1076 1525 1259 1591 Britonibus
1273 1523 1418 1600 habetur,

293 1631 368 1674 cum
382 1632 439 1676 suo
460 1633 533 1696 rege
554 1619 586 1678 st
601 1611 753 1677 dominio⁵
768 1632 849 1677 novo
864 1613 1037 1678 Scotorum
1080 1612 1205 1677 Ethsec
1223 1631 1297 1695 pers
1317 1611 1417 1676 tercia

293 1697 454 1774 Britaniae,
468 1698 554 1763 dicta
566 1699 656 1783 prius
667 1700 707 1763 ab
721 1698 897 1764 Albanacto
910 1698 1056 1776 Albania,
1070 1719 1111 1765 ex
1125 1699 1178 1764 ex‘
1190 1705 1268 1762 tunc
1282 1697 1417 1762 mutatis

293 1784 478 1848 nominibus
506 1790 539 1849 at
564 1785 802 1850 vendicionibus
827 1793 939 1850 vocata
967 1791 1016 1850 est
1041 1785 1160 1862 Scaeis,
1184 1783 1271 1868 quod
1299 1804 1416 1848 nomen

293 1875 404 1953 postea
424 1869 484 1935 hac
498 1871 539 1936 de
553 1891 648 1937 causa
667 1873 852 1937 inconcusse
867 1892 990 1955 semper
1003 1871 1109 1936 tenuit
1127 1878 1161 1937 et
1179 1869 1415 1935 inviolabiliter.

294 1955 357 2020 Sed
371 1955 431 2021 hoc
452 1963 560 2023 tamen
582 1959 650 2024 sine
665 1979 760 2023 causa
780 1977 837 2023 rex
850 1958 985 2023 scribere
999 1979 1064 2023 non
1078 1959 1193 2034 omisit,
1206 1977 1243 2022 eo
1258 1957 1343 2042 quod
1357 1977 1415 2020 suo

293 2043 454 2126 proposito
502 2044 589 2110 ocius
612 2045 739 2110 obviare
762 2065 859 2129 quam
881 2064 1053 2110 consonare
1081 2043 1233 2129 concepit
1279 2043 1416 2127 Insuper

294 2128 389 2207 Secti,
403 2150 460 2214 per
475 2064 536 2196 doc
557 2131 680 2196 inimici
701 2131 888 2196 Britonibus
909 2131 996 2208 facti,
1018 2131 1178 2196 associatis
1200 2130 1263 2195 sibi
1283 2129 1415 2194 advenis

292 2215 456 2280 Pictonum
480 2217 617 2302 populis,
637 2216 768 2302 partita⁷
790 2238 864 2282 cum
888 2218 934 2283 eis
955 2236 1017 2301 que
1041 2217 1087 2282 sic
1112 2219 1227 2302 adepta
1249 2221 1333 2281 terra
1357 2236 1416 2280 sua

293 2301 412 2380 Scocia,
426 2304 462 2366 in
475 2309 603 2369 tantum
624 2311 701 2370 sunt
721 2305 940 2390 posteritatem
961 2303 1130 2368 Britonum
1150 2303 1315 2389 persecuti,
1330 2302 1416 2386 quod

291 2397 416 2471 partem
435 2389 527 2458 illam
548 2391 645 2459 uliam
666 2391 827 2468 Britaniae,
849 2391 911 2456 sibi
932 2391 1081 2468 vicinam,
1103 2411 1174 2474 quae
1194 2398 1272 2455 tunc
1294 2389 1415 2473 logiis,

293 2495 381 2540 nunc
400 2495 474 2540 vero
494 2476 632 2562 Anglia,8
646 2477 771 2554 dicitur,
792 2477 962 2541 hostilibus
983 2477 1162 2542 incursibus
1183 2478 1231 2540 ita
1251 2475 1416 2540 infestavit

293 2567 327 2624 et
342 2561 533 2641 molestavit,
544 2563 630 2647 quod
645 2563 802 2648 compulsi
816 2569 892 2628 sunt
905 2568 984 2627 tunc
998 2564 1153 2642 Britones,
1163 2563 1306 2648 ejusdem
1315 2562 1416 2645 partis

292 2645 494 2726 habitatores,
508 2669 542 2714 se
554 2650 675 2714 tributo
690 2655 811 2715 statuto
825 2650 977 2715 Romanis
991 2649 1143 2727 subicere,
1153 2657 1187 2715 et
1200 2670 1309 2714 eorum
1323 2647 1416 2712 auxi-

292 2731 374 2796 lium
388 2741 499 2800 contra
513 2735 680 2801 Scotomm
694 2744 727 2802 ct
741 2737 903 2800 Pictorum
916 2736 1057 2800 insultus
1074 2736 1237 2801 invocare:
1259 2737 1306 2800 ita
1320 2733 1415 2819 quod,

292 2822 433 2902 tempore
445 2821 554 2886 Severi
567 2823 773 2908 imperatoris,
787 2822 893 2888 missae
907 2829 984 2886 sunt
1004 2823 1050 2887 cis
1064 2822 1099 2886 in
1114 2822 1291 2888 subsidium
1305 2826 1415 2886 contra

294 2904 403 2970 Sestos
425 2913 459 2971 et
480 2907 586 2975 Pictos
608 2916 701 2974 certae
726 2910 940 2974 Rornanorum
961 2907 1110 2994 legiones,
1131 2909 1171 2973 ad
1193 2929 1285 2974 suem
1307 2907 1414 2973 deien-

292 2991 423 3071 sionem,
431 2995 489 3078 qui
501 3015 630 3060 murum
643 2995 737 3059 illum
752 2995 1012 3078 antiquissimum
1025 2994 1196 3080 lapideum,
1206 3016 1263 3079 per
1276 2995 1414 3060 mediam

292 3077 470 3150 Britaniam
492 3104 511 3145 a
532 3083 613 3147 mari
634 3081 798 3165 usquead
818 3103 904 3156 mare
926 3103 961 3148 se
982 3082 1215 3160 extendentem,
1237 3082 1413 3147 Scociama

293 3163 424 3252 Loegris
448 3167 652 3246 dividentem,
680 3173 934 3245 construxerunt,
956 3189 1029 3233 cum
1054 3167 1155 3233 foveis
1179 3175 1253 3233 ante
1276 3187 1412 3243 murum,

291 3251 418 3318 fossatis
432 3261 465 3318 et
478 3255 628 3333 turribus,
642 3262 675 3322 et
688 3255 789 3339 portis
806 3261 916 3320 contra
937 3255 1047 3320 Scotcs
1061 3262 1095 3319 et
1108 3253 1215 3320 Pictos
1236 3253 1412 3319 claudenti-

292 3335 352 3401 bus
370 3345 403 3403 et
422 3339 563 3419 firmetis,
576 3341 798 3426 longitudinis⁹
812 3347 941 3409 cantum
962 3363 1030 3408 xxx
1050 3340 1255 3405 milliarium:
1277 3360 1413 3425 quorum

291 3441 454 3487 murorum
463 3429 597 3511 vestigia
610 3449 712 3512 usque
722 3427 783 3492 in¹⁰
792 3428 981 3493 hodiernum
991 3427 1076 3492 diem
1086 3427 1253 3492 manifeste
1264 3446 1413 3510 apparare

291 3515 442 3592 poterunt
465 3511 672 3578 intuentibus.
715 3516 767 3580 De
788 3514 903 3598 quibus
929 3511 1101 3579 omnibus¹¹
1124 3513 1201 3578 satis
1222 3512 1414 3578 manifeste¹²

292 3595 433 3679 cognicio
453 3596 489 3660 in
510 3596 650 3664 historiis
664 3621 727 3665 non
750 3601 914 3685 suspectis,
928 3601 1013 3667 sicut
1032 3620 1074 3665 ex
1089 3600 1302 3665 Romanomm
1315 3599 1412 3665 vesti·

291 3681 352 3766 giis
366 3681 544 3749 luculenter
557 3684 756 3752 intuentibus
770 3687 898 3772 patebit

339 3907 349 3942 ¹
361 3909 391 3962 0.
403 3909 434 3961 ll.
447 3913 528 3975 parta
668 3908 720 3963 ¹13.
733 3915 806 3964 emto
817 3913 887 3964 unde
899 3929 996 3965 versus

337 3977 392 4031 ⁸1).
406 3980 497 4032 exulat
506 3980 602 4033 altered
604 3979 679 4048 sroca
690 3981 815 4034 exulavit
1097 3983 1109 4018 ⁴
1121 3984 1152 4035 a.
1166 3987 1263 4036 temen.

336 4048 393 4102 ⁶1).
406 4050 502 4104 divino.
671 4049 683 4084 ⁰
695 4051 723 4106 B.
738 4053 765 4103 (l.
779 4053 811 4105 D.
824 4053 854 4104 Ε.
868 4055 928 4103 ecrit
940 4070 979 4106 en
1094 4053 1106 4088 ⁷
1119 4055 1147 4107 Β.
1161 4055 1319 4122 partitaque.

337 4117 388 4172 ⁸0.
405 4121 532 4188 Angliam.
671 4117 722 4173 ⁰0.
735 4121 765 4173 E.
779 4121 951 4188 longitudine.
1082 4123 1146 4178 10Β.
1160 4125 1188 4178 C.
1203 4125 1234 4178 D.
1248 4125 1277 4176 lt
1291 4124 1331 4176 sd.

325 4189 347 4225 ¹¹
359 4191 390 4244 D.
407 4193 484 4246 omni.
662 4188 955 4246 ”cdl-accenset
