3282 5124
320 479 380 539 162
691 489 787 538 LIBER
797 488 1066 540 Ptusoasnnrtffls.

403 745 564 831 §aaa
577 746 668 832 cupis
681 746 778 816 littra
792 747 923 916 pp‘palis
933 747 1003 861 rapi
1017 745 1148 832 §ecclia
1158 747 1365 816 transcursa

868 867 950 915 xxxr„
1177 867 1180 874 ¹

321 987 641 1087 ssontvaows
665 1011 972 1096 episcopusservus
995 1031 1158 1090 servorum
1182 1011 1255 1089 Dei,
1279 1010 1448 1076 karissimo

319 1101 355 1164 in
378 1099 506 1164 Christo
527 1097 615 1176 filio,¹
636 1099 704 1182 regi
724 1097 852 1182 Angliae
872 1098 999 1176 illusni,
1022 1098 1166 1163 Salutem
1188 1106 1221 1163 et
1243 1097 1450 1182 apostolicam

318 1186 584 1251 benediccionem.
629 1185 763 1262 Scimus,
777 1183 834 1262 fili,
848 1185 942 1268 quod,
960 1185 1048 1269 longi
1065 1185 1135 1271 jam
1155 1185 1308 1269 temporis
1333 1185 1451 1268 spacio,

319 1273 470 1358 magistra
483 1293 541 1337 nos
555 1291 661 1336 rerum
683 1271 883 1356 experiencia
896 1271 1013 1350 docuit,
1028 1271 1166 1355 qualiter
1186 1291 1259 1357 erga
1273 1272 1450 1336 Romanam

320 1366 454 1424 matram
480 1358 748 1442 ecclesiamque
773 1358 810 1422 in
830 1359 1004 1424 visceribus
1027 1363 1061 1424 te
1085 1358 1167 1442 gerit
1191 1358 1340 1438 caritatis,
1354 1357 1449 1442 regioe

321 1445 503 1510 devocionis
518 1445 650 1510 affectus
661 1444 849 1509 exhibuerat
859 1445 1047 1510 revemnciae
1059 1444 1158 1525 zelus;
1173 1443 1312 1529 qucque¹
1322 1464 1450 1528 promp-

321 1538 385 1609 tus,
408 1538 441 1596 et
466 1531 551 1596 sedis
576 1532 645 1615 ejus
670 1531 754 1596 votis
780 1532 1010 1616 obtemperans,
1034 1530 1241 1616 beneplacitis
1267 1531 1442 1615 acquiescis

322 1618 536 1696 Quamobrem
550 1617 674 1681 firmem
688 1638 778 1702 spem
791 1618 938 1702 gerimus,
952 1618 1144 1702 plenamque
1161 1617 1310 1682 fiduciam
1324 1617 1449 1702 optine-

321 1725 403 1782 mue,
419 1704 505 1788 quod
526 1704 639 1788 regalis
661 1704 842 1770 sublimitas
856 1705 953 1770 verba
966 1710 1075 1769 nostra
1089 1705 1262 1770 clementer
1275 1703 1450 1788 suscipiet,¹

322 1797 356 1856 et
377 1791 546 1875 diligenter
565 1790 732 1875 intelliget,
746 1797 780 1856 et
801 1791 937 1875 benigne
958 1797 1141 1875 exequetur.
1185 1792 1268 1856 Sane
1289 1791 1343 1856 ad¹
1356 1791 1449 1858 celsi·

321 1877 469 1943 tudinem
490 1877 610 1963 regiam
633 1879 740 1962 potuit
760 1879 950 1961 pervenisse,
975 1879 1068 1943 etin
1092 1885 1158 1942 tuae
1182 1877 1264 1943 libro
1287 1878 1449 1944 memoriae

322 1985 526 2049 nequaquam
554 1964 745 2049 ambigimus
774 1965 939 2042 contineri,
960 1964 1099 2049 qualiter
1126 1966 1167 2030 ab
1196 1963 1338 2049 antiquie
1366 1970 1449 2030 tem·

321 2051 452 2135 poribus
476 2071 610 2135 regnum
633 2051 752 2116 Scocise
773 2050 868 2136 pleno
889 2051 963 2136 jure
987 2052 1151 2137 pertinuit,
1173 2056 1205 2117 et
1230 2051 1272 2115 ed
1297 2051 1361 2116 huc
1377 2071 1449 2135 per·

321 2138 423 2202 tinere
445 2137 629 2215 dinoscitur,
643 2137 684 2202 ad
706 2138 883 2203 Romanam
905 2138 1070 2203 ecclesiam
1091 2138 1326 2221 supradictam3
1348 2138 1448 2223 quod-

321 2244 385 2308 que
406 2223 497 2302 illud,
511 2225 595 2289 sicut
616 2226 796 2310 accepimus
817 2245 837 2290 a
858 2225 1110 2310 progenitoribus
1131 2225 1205 2302 tuis,
1219 2226 1309 2309 regni
1321 2224 1449 2310 Angliae

321 2311 456 2395 regibus,
478 2312 546 2377 sive
567 2311 636 2389 tibi,
657 2311 781 2376 feodale
801 2332 868 2376 non
890 2310 1022 2377 extitit.⁵
1066 2312 1211 2389 Qualiter
1234 2311 1334 2376 eciem
1356 2311 1449 2376 clarae

321 2399 481 2464 memoriae
501 2418 558 2463 rex
579 2398 704 2483 Anglise
720 2399 888 2476 Henricus,
905 2405 996 2484 pater
1015 2403 1101 2476 trrua
1122 2403 1262 2482 tempore
1284 2397 1448 2463 discordie

322 2503 388 2549 suae
408 2505 529 2570 guerrae
549 2484 633 2550 inter
647 2485 755 2568 ipsum
768 2490 801 2550 et
815 2485 975 2570 quendam
991 2484 1163 2570 Symonem
1178 2485 1217 2550 de
1232 2486 1346 2551 Monte
1360 2484 1449 2549 Forti

321 2570 674 2720 qprlcsquthutoresdct
688 2571 857 2722 crgmplices
879 2573 1048 2722 suscitptae,
1062 2571 1268 2722 ⁸.r⁹⁰⁰lfi¹¹dae.
1289 2571 1448 2672 memorias

366 2677 450 2721 aran
507 2707 514 2735 ,
540 2677 609 2721 eus
631 2677 683 2721 am
735 2677 830 2722 cocrae
914 2679 940 2736 o,
964 2679 985 2723 a
1035 2679 1047 2722 1
1086 2679 1137 2724 rue
1200 2679 1299 2723 enrrcr
1362 2677 1447 2734 nero,

322 2743 480 2806 auxilium
501 2677 568 2806 sibiJ
577 2743 676 2827 peciit
697 2743 841 2808 exhiberi
852 2678 922 2823 diegt,
936 2765 977 2810 ne
998 2679 1182 2829 hujllsmodt
1202 2679 1361 2809 auxiliudd
1373 2743 1447 2827 jure

322 2828 493 2913 cujuslibet
507 2829 717 2913 subjecciouis
739 2837 796 2895 aut
809 2830 911 2895 debiti
924 2832 1064 2915 petitum
1078 2839 1133 2896 aut
1147 2833 1327 2916 praestibrm
1340 2851 1447 2895 narra-

321 2921 417 2993 retur,
431 2913 581 2998 praelatus
595 2914 755 2981 Hernicus
770 2917 873 2982 eidem
884 2918 951 3002 regi
966 2917 1083 2983 Scociae
1098 2938 1172 2983 suas
1186 2917 1294 2984 literas
1302 2922 1448 3003 patentes

322 3001 417 3066 duxit
441 3001 666 3077 concedendas,
686 3022 743 3086 per
765 3003 892 3068 easdem
916 3005 1049 3070 firmiter
1068 3025 1293 3090 recognoscens
1317 3004 1449 3089 praedic-

322 3095 394 3154 tum
418 3087 575 3152 auxilium
602 3108 636 3153 se
656 3089 811 3173 recepisse
828 3089 882 3155 vel
902 3092 1117 3175 recepturum⁶
1130 3091 1170 3158 de
1191 3092 1296 3177 gracia
1317 3090 1448 3176 speciali

322 3175 498 3240 dumtaxat.
553 3175 709 3240 Praeterea
732 3196 818 3254 cum,
844 3196 992 3242 successu
1024 3179 1185 3263 temporis,
1212 3179 1339 3263 prrelati
1366 3179 1448 3278 regis

322 3261 449 3340 Scociae,
462 3261 513 3325 tui
527 3261 663 3340 sororis,⁷
676 3267 755 3328 tunc
769 3263 917 3342 viventis,
927 3265 962 3328 in
977 3271 1042 3329 tuce
1055 3265 1271 3330 coronacionis
1285 3264 1448 3330 solemniis

320 3347 437 3414 habere
458 3349 664 3432 praesenciam
684 3349 855 3428 affectares,
876 3371 933 3435 per
952 3355 1025 3416 tuas
1044 3351 1152 3416 literas
1172 3357 1319 3436 patentes
1333 3349 1451 3416 caveri⁸

322 3435 475 3500 curavisti
489 3435 575 3519 quod
595 3436 631 3499 in
651 3435 730 3520 ipsis
753 3436 916 3502 solemniis
937 3438 1006 3523 ejus
1027 3437 1142 3503 habere
1163 3439 1370 3522 presenciam
1384 3457 1448 3501 non

322 3542 363 3586 ex
385 3521 501 3600 debito,
518 3521 574 3586 sed
595 3527 722 3586 tantum
744 3543 785 3588 ex
805 3524 919 3607 gracie,
938 3524 1133 3590 intendebas.
1178 3524 1236 3602 Ac,
1251 3545 1326 3590 cum
1347 3524 1448 3590 eciam

322 3629 379 3672 rex
409 3608 478 3692 ipse
510 3628 567 3693 pro
597 3609 689 3674 terris
722 3609 762 3676 de
794 3610 947 3694 lyndalis
976 3617 1010 3676 et
1038 3611 1078 3676 de
1107 3611 1264 3689 Penrith‚¹
1291 3611 1328 3675 in
1352 3630 1447 3695 regno

321 3694 449 3780 Angliae
463 3694 584 3778 positis,
599 3715 633 3760 se
652 3695 693 3760 ad
707 3699 913 3781 praesenciam
933 3705 1023 3762 tuam
1038 3698 1246 3782 personaliter
1260 3697 1447 3763 contudisset

322 3781 383 3846 tibi
397 3781 583 3847 fidelitatem
606 3782 733 3848 solitam
754 3783 990 3868 impensurus,¹⁰
1004 3784 1089 3850 idem
1111 3805 1175 3863 rex,
1190 3785 1225 3849 in
1240 3783 1447 3869 praestacione

321 3867 485 3932 fidelitatis
499 3867 692 3953 hujusmodi,
706 3875 784 3934 tunc
798 3870 911 3935 multis
924 3871 1144 3955 presentibus,
1158 3871 1242 3936 vivae
1255 3870 1369 3936 vocis11
1380 3889 1448 3935 ora-

321 3954 393 4020 culo
410 3953 540 4039 publice
561 3955 733 4020 declaravit
746 3957 832 4041 quod
853 3977 909 4042 pro
930 3957 1023 4023 terris
1046 3957 1165 4023 eisdem
1187 3958 1258 4022 sitis
1279 3958 1315 4022 in
1329 3955 1449 4041 Anglia

367 4191 376 4226 ¹
390 4193 418 4246 Ο.
432 4193 463 4245 E.
476 4193 531 4246 add
542 4191 681 4244 Edwardo.
753 4189 804 4245 ²13.
820 4192 848 4245 Ο.
862 4193 892 4246 Ε.
906 4193 1035 4260 quodque.

366 4260 626 4330 mumanae,
641 4263 814 4314 undantes
920 4261 1066 4317 *omes
1190 4261 1427 4317 ⁶O.E.axtitarit

757 4331 768 4368 ¹
781 4334 810 4386 (l.
824 4333 854 4388 n
865 4335 964 4388 sororii.
989 4335 1022 4390 D.
1033 4335 1125 4388 sororii
1134 4335 1230 4387 altered
1237 4336 1302 4386 luter
1310 4341 1335 4387 to
1344 4335 1446 4386 sororis.

1176 4401 1228 4458 ⁹0.
1244 4405 1274 4458 E
1288 4405 1409 4471 Pynritlr.

1169 4473 1189 4508 ¹¹
1202 4475 1230 4528 Ο.
1244 4476 1320 4530 votis·
