3254 5122
284 407 303 467 8
654 414 751 465 meus
766 407 1034 464 rtueomouusla

280 575 409 642 cultura
428 574 594 660 ydolorum
616 572 706 658 r'egni
727 571 778 638 aui
799 567 924 635 loederi²
944 567 1099 643 decorem,
1111 562 1255 649 quinque
1275 556 1413 626 'nobilis-

283 664 382 729 simas
408 661 554 726 civitates
579 680 659 744 ques
683 664 763 724 tuno
787 656 981 732 incolebant,
1002 674 1026 720 s.
1049 649 1305 726 lindecolum
1329 648 1412 730 Lay-

283 749 441 825 cestriam,
457 745 680 823 Stansordiam,
695 742 915 828 snotingham,
929 746 963 808 et
976 739 1108 824 Deriby,
1124 737 1163 802 de
1183 756 1296 801 eorum
1309 733 1412 799 mani·

284 837 346 902 bus
368 840 401 900 et
415 834 557 898 incolatu
579 837 725 916 potenter
745 830 888 907 extorsit,
909 827 1061 911 omnique
1081 822 1272 889 infidelitate
1292 821 1413 896 abrasa,

286 921 476 987 Christianae
489 919 565 984 fidei
577 918 701 985 lumine
714 915 899 982 illustravit
942 915 1026 982 Cam
1036 911 1135 997 igitur
1144 910 1205 976 sub
1218 912 1309 973 tanto
1323 911 1414 992 patre

285 1008 388 1092 magis
402 1028 499 1092 quam
513 1026 586 1091 rege
598 1002 703 1092 tanta²
716 1002 835 1088 Anglia
848 1021 926 1086 pace
941 1020 1057 1084 magna
1071 997 1135 1063 hiis
1150 995 1263 1061 diebus
1280 994 1414 1069 floreret,

286 1094 457 1158 immatura
471 1094 540 1177 ejus
554 1097 656 1157 morte
677 1111 783 1176 quam,
797 1088 919 1156 exactis
940 1087 976 1151 in
996 1105 1093 1170 regno
1110 1082 1203 1150 annis
1217 1081 1360 1167 quinque
1380 1083 1415 1178 et

286 1185 409 1264 septem
422 1180 595 1258 mensibus,
608 1179 782 1256 incurrens,
796 1175 903 1242 subito
917 1173 1024 1240 dolore
1039 1177 1073 1238 et
1092 1171 1240 1258 passione
1256 1166 1416 1254 expiravit

285 1266 460 1354 inopinata
827 1303 830 1309 -
1097 1299 1099 1303 -

357 1497 520 1582 §meiius
533 1495 571 1565 m
585 1441 787 1565 ammam
801 1491 965 1563 cranao
979 1491 1097 1562 fratis
1109 1487 1257 1562 aui-u.
1273 1483 1349 1556 mii
1409 1489 1411 1498 '

287 1622 570 1715 Suocassm
587 1649 695 1709 autem
709 1642 759 1709 uu·
773 1643 809 1708 n
822 1664 956 1728 regnum
977 1643 1075 1710 saer
1088 1642 1157 1728 eJus
1171 1638 1370 1718 numan,
1384 1641 1419 1703 a

289 1733 469 1802 ambulavit
490 1731 527 1796 in
548 1731 611 1796 viis
634 1730 734 1815 patris
757 1729 809 1795 sui
831 1729 980 1794 Edwardi
1003 1734 1037 1795 et
1058 1730 1193 1795 fratrum
1218 1745 1355 1803 snorum,
1381 1724 1418 1789 in

290 1821 440 1886 omnibus
461 1817 548 1883 beati
568 1817 732 1883 Dunstani
753 1816 895 1882 consiliis
916 1815 1121 1900 acquiescens
1138 1821 1235 1900 atque
1248 1811 1417 1878 mandatis.

291 1907 402 1991 Hujus
424 1925 500 1970 vero
522 1903 716 1969 laudabilem
737 1903 840 1968 vitam
859 1923 945 1968 mors
966 1903 1108 1988 preciosa
1132 1900 1297 1968 conclusit.
1339 1899 1418 1963 Post

292 2013 390 2077 quem
409 1991 558 2077 regnavit
578 1990 733 2055 Edwinus
754 1989 841 2055 filine
862 1989 1028 2054 Edmnndi
1039 1989 1132 2074 regis,
1146 1987 1204 2073 qui
1223 2007 1290 2052 non
1306 1984 1418 2050 ambu-

291 2079 374 2145 lavit
387 2079 423 2143 in
436 2078 499 2143 viis
512 2085 640 2163 petrum
655 2096 793 2155 suorum,
808 2076 864 2142 sed
884 2076 921 2140 in
941 2074 999 2140 illa
1019 2080 1088 2140 tota
1101 2073 1251 2160 progenie
1264 2080 1419 2156 tanquam

293 2186 397 2232 novus
425 2165 529 2230 heres⁸
557 2164 694 2229 emersit
752 2162 817 2228 Sed
841 2162 918 2248 qnia
946 2162 987 2227 de
1014 2162 1075 2228 hac
1103 2181 1215 2246 regum
1241 2157 1419 2244 Anglorum

292 2252 475 2338 genealogia
496 2251 622 2336 regibus
644 2251 811 2316 Scotorum
833 2248 1108 2333 consanguinitate
1132 2269 1174 2313 ex
1195 2251 1285 2332 parte
1306 2240 1420 2310 tantm

292 2339 480 2424 Margaretae
509 2339 688 2422 conjuncta,
712 2356 769 2421 per
796 2335 968 2402 relaciones
996 2335 1238 2419 saepedictorum
1270 2328 1421 2396 Beldredi

291 2425 451 2490 Willelmi
461 2428 494 2489 et
504 2423 635 2508 ngoti
642 2422 874 2500 historicorum,
885 2421 1002 2506 saepius
1012 2420 1221 2505 recapitulata
1231 2417 1420 2504 legentibus,

294 2511 337 2576 ad
365 2510 577 2574 ostensionem
602 2509 746 2573 veritatis
767 2507 910 2572 sufficere
935 2514 1049 2593 petest,
1070 2527 1157 2573 nune
1179 2506 1220 2570 ad
1241 2503 1422 2590 sequanam

292 2595 433 2660 exclusis
447 2594 676 2678 nugationibus
690 2593 869 2671 inutilibus,
882 2593 1119 2677 procedendum
1132 2593 1213 2658 ntile
1226 2591 1362 2657 videtur.

339 2681 514 2764 Postquam
524 2679 611 2744 enim
625 2685 754 2744 sanctus
769 2679 886 2757 David,
896 2678 983 2745 filius
997 2680 1164 2746 Maloolmi
1176 2679 1259 2764 regie
1273 2685 1307 2743 et
1320 2677 1422 2743 beatae

294 2765 505 2851 linguatae?
518 2766 605 2828 viam
618 2765 776 2830 universa
790 2765 893 2830 carnis
905 2765 990 2851 apud
1002 2766 1182 2834 Oarleolum
1192 2766 1353 2850 ingressus
1363 2767 1422 2839 est,

293 2858 329 2919 et
350 2853 445 2952 apud·
457 2851 672 2936 Dnnlermlyn
693 2851 863 2917 honorifice
884 2852 1037 2952 sepultus,
1054 2854 1200 2939 regnavit
1221 2850 1422 2950 Malcolmns³

294 2935 680 3110 tuinultum?
693 2940 1423 3109 tll‘tlltlmtttttllttttfftt

294 3131 321 3178 s.
344 3111 509 3176 Maloolmi
526 3109 694 3188 Makheth,
715 3110 879 3176 associatis
902 3112 965 3178 sibi
986 3111 1132 3197 pluribus
1153 3112 1235 3190 aliis,
1257 3111 1314 3197 qui
1334 3129 1423 3194 mag·

296 3217 373 3270 nam
388 3198 506 3263 Scoeiae
515 3201 639 3283 partem
650 3196 918 3281 inquietaverunt
963 3197 1026 3265 Ille
1039 3205 1149 3266 tamen
1162 3197 1323 3264 Makhcth
1336 3195 1422 3261 dice-

296 3284 354 3348 bat
376 3282 480 3348 lilium
502 3303 536 3348 ae
558 3303 627 3348 esee
640 3283 779 3370 Angnsii
801 3284 927 3350 comitis
948 3285 1114 3364 Moraviae,
1136 3285 1213 3351 licet
1231 3285 1267 3350 in
1287 3283 1423 3349 veritate

296 3374 461 3520 tutu
472 3369 935 3522 ottuttltsltll
949 3371 1310 3542 1161111111
1327 3369 1423 3520 tlt

297 3541 584 3642 hetbninsurgendo
599 3547 709 3608 contra
721 3563 828 3628 regem
842 3508 959 3622 David,
969 3543 1063 3630 quasi
1073 3545 1159 3610 filius
1173 3510 1309 3610 mortem
1322 3541 1424 3626 patris

297 3627 499 3706 vindicando,
521 3628 664 3713 regiones
685 3630 882 3715 propinquas
906 3631 1027 3714 rapinis
1052 3636 1087 3696 et
1111 3631 1252 3696 oaedibus
1274 3629 1425 3706 efficiens,

298 3715 429 3780 tandem
439 3714 572 3799 capitur,
586 3715 669 3780 etin
684 3715 836 3780 castrum⁸
850 3716 891 3781 da
905 3715 1135 3783 Mamhemond
1149 3717 1185 3782 in
1199 3717 1278 3782 artis
1292 3713 1424 3780 cameri-

297 3801 359 3866 bns
373 3801 558 3867 trucidatur.
600 3801 722 3866 Eodem
731 3822 807 3867 vero
820 3807 962 3886 tempore
975 3804 1058 3888 regis
1071 3804 1181 3869 David
1191 3823 1275 3868 unus
1287 3802 1425 3868 liliorum

298 3886 467 3966 Makheth,
480 3887 688 3953 Donevaldus
709 3889 847 3967 nomine,
859 3909 918 3974 per
931 3889 1086 3975 quosdam
1100 3891 1182 3976 regis
1196 3889 1317 3955 amicos
1338 3885 1426 3972 apud

299 3973 496 4051 Qubittharn
507 3975 640 4059 capium,
654 3980 688 4040 et
700 3973 737 4040 in
751 3995 788 4040 eo
798 3975 929 4040 castello
940 3976 980 4041 de
991 3975 1230 4078 Marchemond,
1240 3973 1328 4062 qnod
1339 3975 1424 4039 Rox-

297 4131 545 4213 ''1cnroeaara
893 4159 1067 4216 ’oman
1103 4162 1215 4218 auto.

332 4227 570 4283 mansas.
608 4229 765 4284 1).th
895 4229 1166 4285 *onmes-a.

333 4295 612 4368 ⁶¹0.E.eddreginoe.
896 4299 1426 4369 ⁸E.&ultramontanieor-rectioraelilio.

334 4367 386 4423 70.
399 4371 430 4423 E
442 4374 503 4424 mult
515 4371 628 4439 regulus.
665 4370 695 4424 E
708 4369 830 4424 dominas
841 4373 869 4424 ἐπ
879 4374 988 4437 mercia
1128 4370 1179 4427 ⁸0.
1193 4373 1224 4427 Ε.
1237 4377 1331 4426 castro.
