3282 5124
306 465 366 528 172
671 475 1050 528 narrrnuscsmuusrs.

303 641 337 702 et
350 634 417 700 filio
434 655 501 713 suo,
515 633 646 712 heredi,1
660 635 758 700 fidem
778 642 812 701 et
833 636 1022 702 fidelitatem
1043 641 1206 702 comment
1219 634 1288 722 ipae
1303 639 1336 703 et
1349 636 1435 703 filius

303 742 381 787 suus
397 721 501 786 dictrrs
516 719 717 786 Alexander:
739 723 796 806 qui
816 723 883 808 regi
904 723 1039 808 Angliae,
1053 727 1182 808 propter
1196 725 1435 790 maritacionem

303 809 378 873 filiae
399 827 466 872 suae
480 808 592 872 comiti
610 809 765 873 Bononiae
786 809 855 874 sinc
877 830 1032 876 consensu
1053 810 1165 895 ipsius,
1179 810 1347 876 emendam
1361 831 1435 876 con-

303 894 434 979 dignam
450 895 580 979 accepit
625 895 709 960 Item
730 895 914 962 Alexander
935 917 992 962 rex
1014 897 1140 974 Scociaa,
1161 898 1298 962 sororius
1319 902 1435 975 noster,

304 986 337 1046 et
357 981 443 1066 patri
463 987 619 1047 nostrast
635 982 728 1047 nobis
748 1002 806 1067 pro
826 1003 923 1068 regno
945 984 1064 1049 Scociae
1084 983 1229 1049 debitum
1250 983 1435 1068 homagium

304 1067 388 1133 fecit.
446 1068 562 1133 Postea
589 1089 673 1146 vero,
702 1089 798 1153 regno
826 1075 962 1135 vacante
993 1090 1051 1154 per
1078 1077 1216 1135 mortem
1244 1070 1325 1134 dicti
1352 1070 1435 1154 regis

303 1153 489 1232 Alexandri,
511 1159 544 1220 et
569 1155 807 1240 subsequenter,
828 1162 902 1241 post
926 1163 1063 1221 mortem
1083 1156 1228 1240 ejusdem
1251 1157 1335 1241 regis
1359 1156 1435 1222 filiae

303 1240 493 1326 Margaretae
513 1247 547 1307 at
564 1242 689 1307 heredis
712 1242 840 1320 Scociae,
854 1243 961 1327 neptis
982 1249 1107 1322 nostrae,
1123 1263 1233 1308 omnes
1254 1242 1379 1328 praelati
1400 1249 1436 1308 et

303 1347 457 1413 proceres,
471 1348 546 1392 cum
567 1329 854 1394 communitatibus
955 1329 962 1342 ‘
988 1329 1114 1408 Scociae,
1130 1330 1171 1394 ad
1186 1349 1253 1407 nos,
1268 1330 1310 1395 ad
1331 1328 1435 1394 domi-

303 1435 385 1479 num
407 1414 610 1500 legitimum,²
624 1415 830 1494 defensorem,
844 1415 890 1481 et⁸
924 1415 1030 1500 egium
1049 1415 1163 1481 ducem
1183 1421 1216 1481 et
1235 1415 1387 1501 aurigam,
1401 1422 1436 1482 et

302 1500 470 1566 dominum
484 1501 653 1586 capitalem
668 1502 812 1587 ejusdam
833 1502 922 1586 regni
943 1503 990 1567 sic
1008 1503 1175 1580 vocantis,⁴
1187 1507 1277 1587 grata
1291 1508 1324 1568 et
1338 1523 1435 1589 spon-

303 1593 399 1653 tanea
411 1588 587 1666 voluntate,
600 1595 697 1672 prout
710 1589 910 1667 tenebantur,
924 1587 1156 1668 confiuxemnt,
1170 1595 1204 1654 et
1218 1590 1273 1673 jus
1287 1595 1434 1655 nostrum

302 1671 349 1739 et⁸
359 1675 597 1775 progenitorum
607 1681 787 1776 nostrorum
796 1681 1138 1778 atquetantecessorum
1152 1675 1194 1741 ad
1203 1677 1436 1778 pessessionern

302 1761 1437 1933 :tstltfflmtizittlss..timiamateriis

302 1940 559 2018 recognovamnt.
604 1935 656 2013 Et,
669 1935 821 2020 prestitis
844 1935 937 2000 nobis
962 1936 1003 2001 ab
1025 1935 1153 2014 eudem,
1167 1941 1323 2020 tanquam
1339 1957 1432 2020 supe·

301 2020 378 2085 riori
401 2025 435 2086 et
459 2020 573 2086 directi
592 2021 729 2086 dominii
743 2022 880 2100 domino,
896 2022 1013 2087 debitis
1037 2028 1070 2087 et
1096 2021 1255 2087 consuetis
1269 2022 1433 2087 fidelitatis

202 2185 206 2192 Ι
297 2107 503 2193 juramenta⁶
523 2128 560 2174 ac
581 2107 788 2186 civitatibus,⁷
801 2108 911 2194 burgis
926 2113 959 2174 et
974 2109 1094 2186 castris
1107 2129 1182 2174 curn
1201 2109 1323 2174 caeteris
1343 2109 1433 2194 regni

300 2193 547 2272 municionibus,
561 2195 598 2259 in
611 2195 759 2260 manibus
773 2195 890 2260 nostris
912 2193 1053 2273 redditis,
1065 2194 1107 2260 ad
1121 2195 1300 2260 custodiam
1320 2216 1432 2260 eorun-

302 2280 377 2346 dem
398 2301 435 2346 ac
456 2282 546 2367 regni
567 2287 694 2347 curatos
713 2283 786 2366 jure
805 2287 913 2348 nostro
935 2281 1020 2365 regio
1043 2280 1193 2346 officiales
1215 2286 1248 2346 at
1268 2281 1431 2348 ministros

302 2367 546 2452 deputavimm:
594 2369 690 2434 uibus
715 2369 904 2434 officialibus
927 2367 990 2452 ipsi
1017 2367 1141 2432 domini
1168 2368 1265 2453 regni,
1291 2375 1432 2453 ternpore

301 2454 482 2520 vocacionis
496 2389 648 2539 ajalon,
662 2455 793 2520 fuerunt
814 2453 1008 2532 obedientes,
1022 2474 1060 2520 ac
1080 2455 1197 2520 nostris
1218 2455 1385 2540 praeceptis
1399 2463 1433 2521 et

298 2541 425 2625 juribus
446 2541 542 2626 regiis
556 2541 726 2626 diligenter
738 2542 949 2607 intendentes.
993 2541 1072 2606 Post
1092 2540 1160 2606 baec
1177 2549 1285 2607 autem
1299 2541 1432 2607 diuersae

300 2647 453 2710 persona,
467 2648 562 2712 auper
577 2629 776 2694 successione
791 2627 870 2693 dicti
888 2625 979 2712 regni
1000 2627 1205 2706 decertantes,
1219 2627 1261 2693 ad
1281 2647 1339 2693 nos
1360 2634 1432 2693 tan-

301 2733 400 2797 quam
414 2714 455 2778 ad
469 2713 635 2779 dominum
654 2714 847 2798 superiorem
868 2713 958 2798 regni
971 2720 1179 2794 accesserunt,
1189 2714 1355 2799 justiciam
1374 2735 1432 2798 per

301 2819 369 2877 nos,
394 2819 490 2884 super
514 2801 587 2884 jura
615 2800 823 2866 successionis
851 2799 931 2865 dicti
958 2793 1056 2884 regni,
1085 2800 1148 2867 sibi
1171 2800 1240 2866 fieri
1268 2807 1432 2886 petentes;

301 2884 445 2951 volentes
470 2885 572 2951 eciam
596 2892 629 2952 et
654 2906 800 2972 expressa
825 2893 971 2971 patentes
1000 2893 1034 2952 et
1058 2887 1296 2954 consencientes
1325 2908 1430 2953 coram

300 2971 403 3050 nobis,
413 2977 569 3057 tanquam
579 2973 805 3058 superiore‚⁸ut
815 2973 1030 3057 premittitur,
1041 2974 1108 3058 juri
1121 2980 1214 3052 stare,
1224 2979 1257 3039 et
1265 2975 1431 3059 justiciam

299 3063 444 3124 nostram
465 3065 635 3143 acceptare.
678 3059 723 3123 Et
743 3059 883 3137 demum,
900 3060 1072 3125 earundem
1085 3062 1230 3146 parcium
1247 3061 1374 3145 juribus
1396 3067 1430 3126 at

300 3144 550 3230 allagacionibus
578 3166 683 3211 coram
708 3146 810 3223 nobis,
834 3150 872 3210 ut
896 3146 1110 3230 praemittitis,
1135 3147 1331 3231 judicialiter
1358 3167 1431 3232 pro-

300 3231 415 3317 positis
438 3233 632 3298 sufficienter
656 3231 785 3310 auditis,
806 3232 944 3298 testibus
969 3233 1085 3318 juratis
1110 3239 1143 3298 et
1165 3233 1356 3299 examinatis
1383 3232 1431 3298 et⁹

301 3317 472 3402 diligenter
484 3318 665 3397 intellectis,
679 3318 716 3383 in
729 3319 902 3404 praesencia
922 3320 1066 3385 omnium
1087 3319 1290 3405 praelatorum
1303 3326 1337 3386 ct
1357 3340 1430 3405 pro·

302 3424 410 3470 cerum
418 3405 574 3470 nobilium
586 3406 675 3491 regni
686 3406 828 3490 ejusdem
842 3406 968 3485 Sccciaa,
979 3427 1017 3472 ac
1028 3407 1068 3472 da
1075 3405 1243 3472 voluntate
1253 3413 1287 3472 et
1296 3427 1429 3472 assensu

302 3491 475 3556 sanmdcm
487 3492 632 3577 parcium
642 3492 808 3577 justiciam
818 3492 1010 3578 petancium,
1020 3493 1182 3577 quandam
1195 3495 1219 3560 J
1219 3493 1377 3558 ohannem
1388 3493 1428 3558 de

302 3577 437 3643 Balliolo
451 3578 487 3641 in
500 3599 606 3664 regem
619 3579 759 3664 praeferri
776 3579 1011 3664 judicavimus3
1032 3600 1128 3663 quem
1146 3578 1326 3664 legitimum
1340 3579 1430 3645 here-

302 3665 376 3730 dem
398 3665 495 3750 regni,
517 3673 551 3731 et
568 3667 642 3750 jura
663 3667 790 3750 pociora
811 3667 853 3731 ad
877 3686 1011 3752 mgnum
1035 3664 1216 3744 habentem,
1236 3666 1428 3732 invenimus.

302 3752 407 3829 Quam
428 3757 571 3817 nostram
584 3753 780 3818 sentenciam
794 3773 904 3818 omnes
917 3750 1051 3837 praelati,
1066 3752 1198 3818 barones
1218 3756 1252 3817 et
1267 3751 1429 3818 barones¹⁰

300 3860 338 3904 ac
348 3839 439 3924 regni
448 3839 691 3904 communitates
702 3845 735 3905 et
748 3839 862 3905 incolae
876 3837 1430 3924 acceptavenrnt,provulgavar1mt¹¹

299 3931 333 3991 et
347 3946 494 4010 expresse
508 3926 782 4012 approbaverunt3
803 3947 840 3990 ac
853 3926 961 4009 ipsum
975 3926 998 3991 J
999 3923 1166 4003 ohannem,
1179 3925 1321 4010 praestito
1336 3925 1429 3991 nobis

300 4014 389 4096 prius
411 4012 575 4078 fidelitatis
590 4013 777 4098 at'homagii
794 4013 984 4097 juramento,
999 4010 1034 4074 in
1048 4032 1154 4096 regem
1176 4011 1428 4077 sublimaverunt

348 4170 399 4224 ¹B.
413 4173 542 4238 heredem,
556 4175 611 4226 und
621 4177 696 4228 mbr
706 4174 792 4226 fidem.
972 4168 1149 4224 ²B.cddaet
1187 4171 1426 4227 Dbuaetmcd.

299 4253 305 4290 ¹.
347 4242 400 4296 8Β.
414 4248 532 4298 emat.
634 4242 687 4296 ‘R
703 4245 734 4297 D.
748 4243 873 4296 vacantis
969 4239 1021 4293 5Β.
1034 4244 1153 4294 malleat.
1191 4242 1223 4294 D.
1237 4244 1426 4296 tuaatcromd.

346 4311 358 4346 ⁰
370 4315 399 4366 B.
412 4315 575 4380 iuramentis.
717 4313 770 4365 ¹13.
784 4311 960 4366 comitatibus.
1108 4310 1119 4346 ⁸
1131 4312 1161 4364 B.
1175 4312 1206 4364 D.
1220 4313 1354 4380 superiori

346 4380 445 4435 ⁰1a1).
460 4402 498 4438 aa
710 4382 732 4418 ¹⁰
743 4385 775 4436 D.
788 4398 914 4450 proceres.
950 4382 981 4434 Β.
994 4382 1237 4436 omittetbaronaa

333 4452 356 4488 ¹¹
368 4453 397 4507 R
411 4453 649 4523 promulgaverunt
685 4456 717 4507 D.
731 4455 950 4523 prowlgavarunt
