3284 5122
699 502 795 580 mass
810 502 1082 556 PLUSGARDENSIS.

322 829 484 916 sacae
496 831 534 902 u
547 830 763 902 manaae
783 832 1038 1004 ”ihiffffi
1052 834 1245 906 ramam
1258 835 1456 924 aegaea

746 951 869 1018 samaa.
959 989 965 1004 .
1023 988 1030 1004 .

154 1075 207 1112 Μ’·
221 1063 299 1126 ml
320 1045 439 1144 ,ΗΝ
439 1069 473 1135 Ν
473 1070 501 1136 O
524 1070 671 1155 sequenti
688 1075 761 1154 post
781 1070 1029 1149 coronacionem,
1043 1091 1067 1137 s.
1081 1070 1216 1136 Domini
1235 1073 1363 1152 sr⁰oc⁰l,
1378 1093 1453 1140 con·
1476 1081 1481 1094 “

320 1163 479 1224 venerunt
501 1157 588 1242 apud
609 1155 839 1241 Dunfermlyn²
859 1167 923 1226 r'ex,
940 1177 1015 1222 cum
1036 1159 1145 1243 regina
1167 1165 1268 1224 matre
1287 1160 1366 1244 ejus,
1387 1181 1454 1227 una

320 1265 396 1309 cum
409 1244 567 1330 episcopis
589 1250 623 1309 et
641 1244 810 1309 abbatibus
826 1242 872 1308 et⁸
882 1243 954 1309 aliis
965 1245 1054 1329 regni
1068 1246 1260 1329 proceribus,
1271 1247 1328 1312 ubi
1339 1268 1410 1313 osea
1421 1254 1454 1312 et

320 1331 471 1416 reliquias
492 1329 637 1417 gloriosae
658 1330 774 1416 reginae
796 1331 983 1416 Margaretae
1004 1352 1137 1416 magnae,
1152 1353 1188 1398 ac
1207 1334 1301 1398 avia*
1322 1354 1398 1412 suae,
1412 1334 1452 1400 de

320 1426 529 1483 monumento
543 1417 669 1502 lapideo
691 1417 727 1481 in
748 1437 812 1502 quo
833 1437 890 1502 per
910 1417 1015 1483 multa
1029 1427 1172 1502 tempora
1186 1420 1352 1504 quieverat
1366 1419 1453 1486 leva-

320 1511 445 1582 veramt,
460 1512 494 1570 et
514 1504 551 1567 in
568 1503 696 1569 scrinio⁵
711 1509 868 1588 argenteo,
883 1524 959 1569 auro
979 1505 1178 1590 gemmisque
1199 1507 1357 1585 redimito,
1378 1528 1453 1572 cum

321 1611 447 1656 summa
461 1590 634 1656 devocione
645 1595 741 1674 atquc
756 1589 883 1668 honore,
894 1590 1119 1672 elevavenmt3
1141 1593 1181 1659 de
1196 1595 1288 1678 eujus
1298 1595 1452 1678 primaevo

319 1677 446 1742 tumulo
469 1677 547 1742 odor
569 1676 778 1742 suavissimus
804 1677 953 1755 exahmt,
973 1683 1011 1742 ut
1035 1684 1123 1744 totus
1140 1679 1229 1744 locus
1250 1680 1381 1746 floribus
1403 1681 1455 1746 ac⁶

320 1765 498 1847 specierum
519 1760 693 1848 figmentis⁷
713 1763 874 1848 dispersus
895 1770 1071 1850 putaretur.
1115 1765 1149 1829 N
1150 1786 1185 1831 ec
1207 1767 1310 1832 defuit
1331 1767 1452 1852 ibidem

321 1849 440 1914 divinae
460 1849 574 1934 graciae
595 1849 799 1931 mireorrlum;
820 1871 905 1928 nam,
920 1871 994 1916 cum
1008 1851 1177 1916 thesaurus
1191 1853 1248 1919 ille
1263 1853 1452 1938 percelebris

320 1937 356 2001 in
371 1936 504 2002 ecclesia
518 1936 667 2001 exteriori
687 1937 791 2020 primo
808 1936 974 2015 locaretur,
988 1943 1021 2003 et
1035 1939 1209 2005 novissime
1224 1940 1265 2005 ad
1280 1940 1451 2006 locandum

320 2024 356 2088 in
382 2023 568 2089 summitate
589 2023 698 2108 magni
722 2023 832 2089 altaris
854 2022 890 2087 in
911 2023 1015 2102 choro,
1029 2031 1067 2089 ut
1087 2024 1259 2091 honorifice
1280 2027 1452 2111 praevisum

319 2110 432 2188 fuerat,
442 2131 500 2194 per
513 2109 630 2175 saeras⁸
643 2109 864 2194 episcoporum
878 2115 912 2176 et
926 2111 1080 2176 abbatum
1094 2133 1209 2178 manus
1224 2113 1264 2179 de
1278 2113 1366 2178 facili
1381 2134 1451 2180 sus·

319 2197 492 2275 tolleretau,
514 2202 547 2262 ct
567 2197 850 2280 processionaliter,
869 2199 1075 2264 cantantibus
1097 2200 1222 2285 organis
1244 2207 1277 2265 et
1298 2201 1335 2265 in
1356 2200 1452 2267 choro

320 2304 435 2349 canora
455 2304 542 2361 voce,
557 2289 737 2368 portereau
757 2305 860 2384 usque
881 2284 937 2350 ad⁹
951 2285 1080 2352 artam¹⁰
1100 2293 1227 2370 portam
1248 2286 1453 2366 cancellariae,

319 2391 418 2456 prope
432 2370 578 2435 tumbam
599 2370 662 2435 viri
684 2371 736 2436 sui
756 2391 838 2456 regis
860 2371 1035 2449 Melcolmi,
1056 2373 1093 2436 in
1114 2371 1227 2439 boriali
1248 2381 1338 2458 parte
1359 2377 1451 2440 navis

321 2457 481 2524 ulterioris
496 2456 637 2522 ecclssiae
651 2457 711 2522 sub
725 2457 889 2523 testudine
903 2457 1068 2523 arthuali¹¹
1079 2460 1225 2543 jacentis,
1240 2461 1276 2525 in
1290 2467 1381 2546 parte
1395 2483 1451 2546 op·
1494 2495 1496 2500 ·

321 2544 434 2628 posite,
456 2563 528 2608 ecce
549 2563 625 2607 mox
647 2543 822 2608 senensium
843 2543 973 2609 brachia
993 2545 1171 2610 redduntur
1191 2548 1285 2630 quasi
1307 2547 1391 2612 lassa
1420 2554 1454 2612 et

321 2628 459 2712 stupide,
473 2629 519 2694 sio
534 2629 629 2713 quod,
643 2649 709 2712 pree
727 2628 867 2693 molosi¹²
880 2629 1029 2712 ponderis
1049 2632 1214 2715 gravitate,
1230 2632 1364 2697 ulterius
1385 2654 1451 2697 non

321 2721 469 2799 poterant
483 2716 635 2778 feretrum
649 2735 724 2778 cum
738 2715 858 2780 sanctis
872 2715 1016 2798 reliquiis
1031 2715 1155 2782 deloco
1170 2738 1323 2797 amovere,
1334 2739 1452 2803 ymmo,

321 2801 425 2866 velint
441 2801 556 2878 nolint,
570 2801 673 2866 coacti
696 2800 799 2885 [sunt]
822 2807 975 2886 protenus
996 2803 1171 2868 stacionem
1191 2805 1228 2868 in
1249 2805 1361 2870 eodem
1381 2805 1452 2870 loco

321 2886 432 2964 iacere,
444 2891 476 2953 et
487 2907 655 2952 onerosum
665 2887 817 2952 feretrum
828 2887 997 2952 adterram
1006 2889 1127 2954 ibidem
1134 2910 1276 2973 palmare
1295 2891 1452 2957 Posthaeo

321 2979 439 3052 autem,
460 2973 608 3058 pluribus
637 2973 783 3039 adductis
811 2973 1051 3059 portatoribus¹³
1075 2976 1262 3042 fuscioribus
1284 2978 1451 3064 prioribus,

322 3066 474 3145 putantes
484 3059 651 3125 inviribns
660 3059 875 3144 corporalibus
889 3063 1090 3144 portancium
1101 3062 1261 3129 deiectum
1273 3065 1452 3142 exdtmse,¹⁴

322 3147 386 3232 qui,
402 3153 523 3232 quanto
544 3147 646 3232 magis
667 3145 792 3211 levari¹⁶
806 3147 913 3211 conati
934 3154 1019 3226 sunt,
1033 3155 1125 3214 tanto
1147 3150 1255 3216 minus
1276 3151 1453 3217 feretrum¹⁶

322 3253 449 3299 movere
464 3233 671 3318 potuerunt,¹⁷
682 3233 813 3298 tandem
824 3254 908 3312 vero,
919 3235 1060 3318 praeletie
1072 3242 1105 3301 et
1119 3237 1301 3320 pmceribus
1311 3238 1452 3304 multum

322 3321 555 3388 admirantibus
570 3320 726 3405 quidnam
746 3318 816 3386 haec
838 3340 888 3386 res
902 3321 984 3386 mira
998 3323 1198 3407 significaret,
1212 3326 1402 3409 putantibus
1416 3345 1452 3391 se

321 3407 471 3492 indignos
485 3408 570 3473 tanti
583 3407 713 3492 gloriosi
724 3406 847 3472 frrnus¹8
860 3407 1080 3474 sanctissimi1⁹
1093 3411 1258 3495 corporis²⁰
1267 3411 1452 3498 tangendo²¹

322 3499 527 3572 contractare,
542 3513 614 3560 ecoe
628 3495 740 3560 statim
754 3515 775 3558 a
789 3494 954 3578 quodam²²
975 3495 1015 3561 de
1036 3497 1217 3563 astantibus
1231 3498 1374 3564 intonuit
1386 3519 1452 3564 vox

321 3579 501 3660 Dominicis,
515 3586 553 3646 ut
575 3581 723 3659 ereditur,
736 3581 900 3666 inspirata
914 3582 1111 3649 denuncians
1133 3582 1217 3650 clare
1240 3585 1358 3651 munes
1379 3606 1451 3671 pro-

368 3780 379 3817 ¹
391 3781 420 3835 G.
433 3783 463 3846 E,
476 3785 537 3834 mnu
547 3782 651 3850 reginae.
757 3779 810 3834 ¹1).
822 3781 1025 3849 Dnniermylyn.
1114 3782 1165 3836 ³0.
1179 3785 1209 3837 E.
1222 3801 1259 3838 oe.

368 3849 626 3906 *ausaausa
756 3849 1018 3906 ⁸O.D.Fascrinoo.
1112 3852 1215 3907 ‘mea

368 3921 421 3976 'R
435 3925 463 3977 G.
476 3922 509 3976 D.
522 3924 554 3976 n
567 3921 716 3993 pigmentis.
756 3921 807 3974 ⁸0.
820 3921 851 3974 R
864 3929 987 4006 sacratas.
1115 3922 1256 4010 ⁹031)AE
1270 3928 1330 3978 crud
1342 3925 1384 3977 sd.

356 3993 422 4117 u·
743 3991 808 4115 :u
821 3992 940 4116 ate
953 3993 1185 4132 naseu

357 4133 381 4170 ¹⁴
392 4135 501 4187 criticae
512 4135 635 4187 medad
646 4134 711 4186 later
722 4139 749 4186 to
760 4133 887 4186 extitine.
1102 4133 1124 4170 ¹⁸
1136 4136 1165 4188 R
1180 4137 1208 4190 0.
1222 4137 1252 4188 Ε.
1265 4135 1361 4189 levare.

357 4203 380 4240 ²⁶
391 4207 420 4258 R
434 4205 462 4258 G.
476 4205 506 4257 Ε.
519 4208 581 4257 maie
592 4205 727 4257 feretrana
799 4201 821 4240 ¹²
834 4205 863 4257 0.
876 4207 1008 4271 poterunt
1101 4203 1123 4240 ¹⁸
1135 4206 1164 4258 E.
1178 4206 1285 4259 funeris

357 4273 380 4310 ¹⁹
390 4277 521 4338 deissimi,
536 4276 689 4341 qnnwmdc
700 4275 803 4338 abacti,
816 4277 844 4326 ia
855 4276 966 4341 ονίσίηαὶ
976 4276 1055 4338 baad,
1067 4277 1266 4341 wsmctiadmi,
1276 4277 1341 4340 tica,
1350 4279 1378 4329 ia
1387 4278 1452 4329 luta·

322 4347 401 4410 baud,
420 4346 482 4399 back
501 4353 526 4398 to
543 4345 674 4398 alcissimi.
711 4345 740 4397 R
760 4344 889 4398 altissimi.
926 4345 955 4398 0.
974 4347 1175 4400 sanctmsimum.
1213 4348 1245 4399 D.
1264 4347 1384 4412 mauu,
1396 4349 1452 4400 aad

321 4418 559 4470 imioowernsura
595 4414 804 4470 numantini
928 4413 1401 4484 ”D.eorpor,andisovcrcmsma

357 4485 379 4523 ⁸¹
391 4489 421 4542 (l.
434 4491 569 4558 tangente.
932 4482 955 4522 Β
966 4487 998 4540 D.
1011 4489 1078 4541 adds
1088 4489 1210 4558 religioso
1222 4491 1251 4540 ia
1261 4491 1365 4555 musairo
1377 4489 1449 4541 later.
