3282 5124
342 478 402 536 182
718 491 812 538 LIBER
826 489 1090 538 PLUSCARDENSIS.

336 643 475 710 maxime
496 649 604 710 temen
625 645 765 712 ecclesiis
785 668 826 713 vc
846 645 1078 712 ecclesiasticis¹
1100 644 1249 730 personis,
1270 644 1456 728 peripsum

336 751 440 816 regem
455 734 487 794 et
501 752 573 796 suos
587 731 646 798 sic¹
656 733 781 798 afflictis
795 741 828 799 et
841 734 1006 818 oppressis,
1017 733 1155 816 justiciae
1168 731 1456 816 complementum:

309 819 313 830 '
337 823 370 881 et
388 817 551 900 potissime
575 824 613 882 ut
637 821 797 885 revocscio
818 821 959 903 ejusdem
979 819 1103 904 negocii
1121 819 1243 884 dudum
1267 817 1309 882 cd
1333 817 1456 882 curiam

336 903 420 967 facta
441 908 507 967 tem
532 904 572 969 de
596 905 755 971 libertate¹
776 927 834 990 per
856 907 963 972 sedem
983 907 1094 990 ipsam,
1115 904 1185 970 loco
1209 904 1353 969 beneficii
1375 903 1455 968 satis

335 989 425 1073 grati,
439 1009 496 1074 per
509 991 651 1074 ejsudem
672 993 753 1077 regis
768 993 936 1078 obrogetae⁴
948 992 1117 1058 vetustatis
1139 991 1289 1076 figmenta
1303 1010 1368 1054 non
1380 1010 1454 1073 pro-

335 1075 418 1153 bate,
428 1075 670 1162 invasionesque
683 1079 772 1164 regni
786 1079 927 1163 ejusdem
943 1079 1060 1144 Soocise
1074 1078 1257 1143 subsecutas
1271 1077 1454 1161 peripsum,

335 1162 456 1227 notorie
478 1167 544 1227 tem
558 1165 714 1248 [injustas
735 1187 801 1231 non
814 1164 873 1230 sic⁶
887 1167 944 1231 fiat
966 1165 1123 1241 derisoria,
1148 1165 1278 1240 lubrica,
1300 1162 1397 1239 inite,
1418 1170 1455 1226 et

334 1249 467 1327 infirma,
482 1250 551 1315 siue
572 1271 667 1315 causa
688 1252 814 1335 cognite
826 1252 861 1316 in
875 1252 1045 1336 praesencia
1059 1251 1220 1335 parcium;
1242 1249 1321 1333 quin
1341 1247 1453 1332 pocius

335 1335 454 1413 efficax,
479 1336 615 1401 stabilis⁶
637 1343 670 1402 et
693 1335 851 1402 mensura⁷
875 1344 1066 1422 permaneat,
1087 1345 1239 1420 tunquam
1264 1335 1454 1399 beneficium

334 1422 476 1486 validum
495 1421 665 1505 cujuslibet
685 1424 838 1509 principis
859 1433 893 1490 ct
909 1425 1002 1490 dictes
1023 1424 1106 1489 sedis
1128 1423 1331 1487 duraturum:
1361 1421 1453 1504 cujus

333 1508 416 1572 sedis
440 1510 615 1585 uetustati,¹
627 1511 740 1574 honori
757 1516 789 1576 et
806 1511 1024 1594 jurisdiccioni
1045 1507 1261 1575 detrahentur¹
1275 1507 1452 1584 manifeste,

334 1594 363 1657 si
371 1594 514 1658 indebita
527 1601 560 1659 et
570 1595 751 1661 violencie¹¹
763 1617 930 1682 regnorum
943 1597 1020 1661 unio
1034 1595 1101 1662 sit¹¹
1114 1597 1242 1680 inceptu
1262 1593 1452 1678 subrepticie

333 1680 522 1762 procederet,
544 1681 612 1748 sine
636 1683 738 1766 ipsius
762 1683 845 1748 sedis
870 1684 1047 1760 autoritate,
1071 1702 1128 1767 per
1148 1681 1247 1746 solum
1272 1681 1452 1766 potenciam

333 1766 415 1849 regis
437 1770 620 1848 memorati;
642 1789 713 1852 quae
726 1790 892 1854 regnorum
907 1771 984 1834 unio
1000 1791 1065 1833 uon
1079 1769 1143 1834 nisi
1156 1788 1213 1852 per
1228 1767 1335 1832 sedern
1347 1767 1452 1850 ipsem

332 1851 402 1916 fieri
415 1852 543 1918 deberet
558 1854 724 1920 ullomodo.
769 1857 877 1941 Ipsius
898 1858 998 1921 eciam
1011 1857 1093 1940 regis
1108 1854 1242 1939 epistola
1263 1853 1450 1936 supradicte,

333 1959 404 2021 quae
425 1959 583 2005 annexam
604 1941 701 2006 hebet
715 1949 747 2007 et
761 1944 903 2008 continet
924 1944 1025 2008 eciam
1038 1943 1073 2006 in
1087 1963 1145 2007 sua
1166 1940 1346 2005 narracione
1360 1943 1452 2004 noto-

332 2026 413 2089 riem
434 2025 615 2104 salsitatem,
638 2029 848 2094 cssercicnis¹¹
869 2030 937 2113 ejus
960 2036 992 2094 et
1017 2029 1123 2094 omnic
1148 2034 1297 2092 contentu
1317 2027 1352 2089 in
1372 2026 1451 2110 ipsa,

331 2119 459 2196 propter
493 2113 643 2179 falsitatis
683 2117 922 2182 ammixtionem
961 2116 1111 2199 ejusdem,
1148 2113 1269 2179 notorie
1305 2118 1452 2195 susspecta

331 2199 454 2264 fuciunt
475 2204 508 2264 et
528 2201 665 2266 suadent
685 2203 797 2267 merito
814 2201 1003 2286 repellenda,
1017 2199 1283 2286 quemadmodum
1296 2199 1451 2264 fermento

332 2285 493 2351 modicio¹⁸
507 2294 575 2352 tote
588 2308 693 2354 messe
707 2290 924 2375 corrumpitur.

563 2557 723 2643 §multos
736 2561 774 2628 ab
791 2561 849 2628 lter
862 2561 898 2629 hc
911 2558 1106 2630 euleu—tl.
1122 2559 1219 2628 xliiii.

331 2693 572 2785 &celenis
592 2719 704 2785 snim¹‘
718 2721 817 2786 eciem
831 2723 866 2785 in
880 2742 939 2786 sus
952 2720 1039 2787 dicta
1052 2721 1194 2806 epistole,
1209 2739 1332 2784 summo
1346 2720 1452 2804 ponti-

332 2807 385 2870 fici
413 2805 579 2882 destincte,
607 2805 648 2870 sd
676 2808 826 2890 majorem
847 2809 929 2891 juris
958 2809 1009 2873 sui
1034 2807 1268 2892 expressionem
1294 2807 1331 2870 in
1354 2827 1452 2890 reguo

333 2890 450 2956 Scociae
470 2890 658 2974 supradicto,
671 2890 753 2957 illud
774 2895 935 2958 notorium
955 2895 1016 2959 toti
1036 2893 1155 2959 mundo
1172 2893 1297 2970 falmin,
1310 2893 1452 2977 seipsum

333 2998 410 3054 esse,
420 2977 511 3060 ju1i¹¹
524 2977 613 3062 pleni
627 2978 769 3056 dominii,
783 2980 818 3045 in
834 2981 1030 3064 possessione
1052 2979 1193 3064 ejusdem
1214 2980 1304 3064 regni
1326 2979 1451 3056 Scccise,

332 3085 461 3130 suarum
482 3061 590 3128 datae¹⁸
602 3069 741 3149 tempore
761 3065 946 3147 literarum3
967 3088 1040 3132 cum
1065 3075 1172 3131 tamen
1194 3065 1315 3131 notorie
1329 3066 1363 3128 in
1380 3067 1450 3150 ipso

332 3170 427 3235 regno
449 3151 611 3215 civitatem
628 3151 681 3217 vel
701 3151 809 3217 sedem
829 3153 1046 3238 episcopalem,
1069 3159 1126 3218 aut
1146 3151 1281 3217 villem¹⁷
1300 3151 1448 3216 diocesim

332 3237 487 3322 integram
508 3237 572 3302 de¹⁸
590 3237 757 3304 duodecim
782 3239 1015 3324 episcopatibus
1035 3241 1093 3323 qui
1117 3238 1236 3304 ibidem
1259 3245 1356 3302 sunt:
1380 3239 1449 3322 ipso

332 3344 427 3408 regno
444 3329 477 3388 et
498 3324 616 3408 populo
636 3324 847 3410 gaudentibus
868 3327 961 3412 quasi
982 3325 1122 3391 totaliter
1141 3327 1281 3410 prestina
1295 3325 1449 3390 fibertate.

332 3410 464 3494 Propter
477 3411 562 3494 quod
575 3411 695 3476 vicium
715 3417 783 3476 tam
803 3414 933 3478 notoriae
954 3413 1102 3478 lelsitetis
1124 3432 1263 3489 sunexae,
1277 3411 1451 3495 sdreliquu

332 3495 543 3562 examinando
560 3497 613 3562 vel
633 3499 803 3582 prebende,
816 3519 888 3583 quse
909 3499 978 3584 ipse
999 3521 1056 3564 rex
1077 3500 1197 3574 asserit,
1218 3498 1280 3562 sibi
1300 3499 1451 3563 deberent

333 3583 439 3648 editus
453 3583 619 3664 interdici3
640 3585 695 3650 sed
709 3586 871 3670 potissime
886 3607 926 3651 ex
937 3587 997 3651 hcc
1008 3586 1135 3670 quodin
1149 3585 1284 3650 termino
1300 3585 1360 3648 sibi
1371 3605 1449 3669 prse-

331 3669 395 3734 fixo
420 3690 598 3753 comparere
619 3691 683 3736 non
704 3674 827 3737 curavit
847 3675 883 3737 in
903 3674 989 3738 curia
1011 3673 1161 3748 Romane,
1182 3679 1238 3736 eut
1259 3670 1451 3736 sufficienter

331 3756 454 3841 aliquid
475 3757 604 3840 dejure
626 3777 683 3823 suo
708 3759 871 3824 ostendere
892 3759 977 3843 quod
998 3759 1033 3822 in
1055 3759 1125 3842 ipso
1150 3778 1253 3842 regno,
1275 3777 1371 3841 super
1390 3778 1450 3822 sue

331 3843 476 3908 libertate
492 3843 602 3908 habite
622 3845 814 3922 inconcusse,
828 3851 860 3909 et
882 3847 928 3909 sic
949 3851 1058 3929 postes
1080 3843 1236 3908 delsmato
1250 3865 1308 3928 per
1322 3865 1395 3908 eum
1415 3851 1450 3908 et

377 4027 429 4083 ¹0.
443 4031 472 4083 R
486 4029 600 4082 ecclesiis
611 4030 791 4082 ecclesiasticis
803 4047 842 4081 ve.
1134 4029 1185 4084 ²0.
1199 4036 1245 4083 set

377 4097 428 4154 ³0.
442 4100 473 4151 D.
487 4101 649 4152 delibertute
789 4099 800 4134 ⁴
812 4101 841 4152 B.
854 4101 883 4153 G.
896 4099 926 4152 E.
940 4100 1078 4169 abrogatus.

377 4167 429 4223 ⁸0.
441 4171 485 4223 sit
520 4171 551 4224 Ε.
564 4171 600 4222 sit
610 4172 705 4224 cdwed
717 4178 741 4223 to
752 4170 797 4223 sic
1132 4169 1183 4225 ⁸0.
1196 4171 1311 4224 stnbiles

376 4239 430 4293 ¹0.
445 4241 474 4292 Ε.
488 4257 618 4293 mensura
785 4239 836 4291 ⁸1&
851 4241 878 4292 G.
889 4241 918 4292 R
932 4242 1073 4294 venustati
1135 4239 1187 4294 'E
1200 4242 1389 4294 detraheretur.

364 4309 426 4361 10Β.
439 4311 466 4363 0.
480 4311 510 4363 R
523 4311 644 4363 violento.
776 4307 797 4344 ¹¹
810 4311 838 4362 R
851 4311 883 4362 D.
896 4313 940 4364 sic.
1123 4310 1145 4346 ¹¹
1156 4313 1185 4364 B.
1198 4312 1226 4364 0.
1239 4313 1268 4362 F.
1279 4313 1444 4364 asserciones.

363 4379 385 4414 ¹³
397 4382 426 4434 R
439 4381 467 4434 0.
481 4382 513 4434 D.
527 4381 556 4434 E
572 4381 679 4434 modico.
774 4378 796 4414 ¹⁴
807 4381 837 4432 B.
851 4381 879 4434 0.
892 4383 923 4434 D.
942 4381 969 4434 ll
983 4385 1042 4434 osuit
1054 4383 1130 4436 enim.
1201 4380 1223 4416 ¹⁶
1234 4383 1262 4434 O.
1276 4383 1306 4434 E.
1318 4385 1384 4449 jure.

362 4449 384 4486 ¹¹
396 4451 424 4503 R
437 4451 506 4504 dato.
774 4448 795 4485 ¹¹
807 4452 835 4502 G.
849 4453 881 4504 D.
895 4452 923 4504 F.
937 4453 1024 4506 ullam.
1201 4449 1224 4487 ¹¹
1235 4454 1263 4506 C.
1277 4453 1307 4504 n.
1320 4459 1354 4504 ct
