3282 5124
623 536 719 584 uene
733 536 886 586 OCTAVUS.
930 558 934 566 ·
1274 526 1334 584 163

206 699 342 772 tentum,
357 713 423 759 non
436 697 474 758 ut
487 713 544 759 rex
558 694 684 772 scocie,
699 715 804 779 neque
820 714 877 779 pro
892 692 1011 759 Scociae
1026 712 1133 778 regno,
1146 691 1336 758 fidelitatem

208 781 381 846 exhibebat
401 780 624 867 supradictam
669 781 874 866 Quinymmo,
887 779 996 866 pelsm
1017 780 1128 846 extitit
1141 785 1336 864 protestatus

208 868 294 952 quod
308 887 366 952 pro
379 887 475 952 regno
489 868 561 952 ipso
580 867 643 932 tibi
656 867 844 933 fidelitatem
857 872 1005 951 praestere
1026 886 1084 932 seu
1097 867 1199 932 iecere
1214 866 1337 951 sliqus·

207 960 302 1019 tenus
323 975 389 1019 non
414 954 557 1032 debebat,
571 960 610 1019 nt
630 959 705 1038 pote
729 954 791 1018 tibi
811 955 941 1038 penitus
966 953 1151 1019 nullomodo
1176 954 1337 1038 subjeot03

206 1045 244 1104 tu
259 1061 386 1124 quoque
399 1039 587 1106 fidelitatem
605 1039 790 1125 hujusmodi
803 1039 968 1106 admisisti
1012 1039 1044 1104 A
1057 1045 1115 1105 tue
1128 1060 1256 1124 quoque
1270 1059 1337 1106 cre-

207 1126 295 1191 ditur
316 1126 471 1192 excidisse
493 1127 646 1192 memorie
668 1127 813 1212 qualiter,
835 1127 946 1193 eodem
970 1147 1042 1212 rege
1068 1127 1185 1192 Scocisc
1210 1125 1337 1191 sublato

207 1213 247 1278 de
268 1213 382 1290 medio,
396 1213 558 1298 quondum
579 1213 761 1298 Morgerrte
776 1213 893 1299 puello,
907 1219 1004 1298 nepte
1025 1220 1091 1291 tuo,
1104 1221 1183 1278 tunc
1203 1213 1337 1278 minoris

207 1300 319 1378 aetelis,
334 1300 397 1365 sibi
417 1298 533 1365 herede
551 1299 671 1379 relicte,
685 1321 752 1365 non
765 1300 807 1366 sd
820 1307 864 1378 te,
876 1299 974 1365 velud
995 1299 1037 1364 ed
1058 1298 1233 1378 dominum,
1246 1299 1338 1384 regni

205 1387 353 1472 pervenit
367 1385 511 1452 custodis
524 1387 691 1452 memorati
702 1386 727 1468 ;¹
749 1387 805 1452 sed
826 1386 905 1452 certi
917 1406 1061 1471 proceres
1083 1386 1227 1472 ejusdem
1247 1386 1338 1471 regni

208 1474 249 1538 od
263 1473 407 1558 ejusdem
428 1473 522 1539 electi
536 1472 714 1538 custodiam
735 1473 933 1538 extiterrmt:
954 1473 1103 1558 quodque
1123 1472 1337 1558 postmodum,

207 1559 448 1645 dispensacione
469 1559 554 1625 sedis
575 1559 758 1645 spostolicae
780 1561 884 1645 petite
905 1565 938 1625 et
958 1565 1090 1645 optento
1111 1579 1207 1644 super
1226 1559 1338 1624 metri-

207 1648 316 1712 monio
341 1645 556 1712 contrahendo
580 1647 665 1712 inter
690 1647 843 1712 dilectum
868 1646 972 1712 filiurn
996 1645 1198 1726 Edwsrdum,
1223 1653 1338 1711 netum

207 1737 310 1811 tuum,
332 1739 366 1798 et
390 1733 603 1818 Mmgeretcm
627 1733 821 1818 praedictem,
845 1732 923 1797 dum
947 1733 1078 1812 viveret,
1101 1734 1131 1797 si
1154 1733 1209 1798 ad²
1228 1753 1338 1817 proce-

205 1840 279 1884 rum
299 1820 391 1904 regni
415 1820 495 1885 dieti
519 1819 681 1885 accederet
701 1820 754 1885 vel
775 1819 941 1886 heberent⁸
955 1839 1137 1898 consensus,
1157 1825 1195 1884 tu
1217 1819 1338 1886 eisdem

206 1907 390 1991 proceribus
410 1926 469 1991 per
482 1912 539 1970 tuo
559 1907 678 1992 scripte
692 1926 802 1972 cerere
819 1907 1000 1984 dinosceris,
1015 1906 1202 1992 priusquam
1214 1906 1338 1972 vellent

207 1993 393 2076 hujusmodi
405 1992 608 2057 matrimonio
630 1993 816 2074 consentire,
831 1993 918 2078 quod
931 2012 1065 2077 regnum
1085 1993 1193 2076 ipsum
1206 1995 1337 2077 penitus

207 2079 354 2157 liberum,
376 2077 522 2163 nullique
543 2079 723 2164 subjectum
744 2099 801 2144 seu
826 2079 1034 2165 quovismodo
1056 2079 1260 2156 submissum,
1277 2079 1338 2144 im-

207 2171 397 2250 perpetuum
411 2173 604 2230 remaneret:
626 2164 775 2250 quodque
789 2165 825 2231 in
839 2165 1017 2250 prestinum
1037 2185 1095 2230 seu
1115 2165 1215 2229 telem
1235 2165 1338 2248 ipsius

209 2258 331 2316 stetum
350 2251 571 2316 restitueretur
585 2253 723 2330 omnino,
738 2253 768 2317 si
782 2272 822 2317 ex
836 2251 1021 2337 hujusmodi
1041 2251 1245 2315 matrimonio
1263 2271 1338 2316 con-

207 2337 363 2403 trehendc
377 2337 493 2402 liberos
507 2357 574 2403 non
587 2343 696 2404 extero
717 2338 885 2424 eontigerit
894 2337 920 2418 3⁴
941 2358 978 2402 oc
992 2358 1110 2402 nomen
1130 2344 1163 2402 et
1177 2335 1338 2416 honorem,

208 2431 247 2489 ut
261 2423 358 2508 prius,
372 2424 492 2508 puriter
505 2424 685 2503 retinerent,
697 2430 766 2490 tem
779 2425 815 2489 in
829 2425 897 2490 suis
911 2423 1074 2490 servandis
1089 2423 1153 2488 sibi
1165 2422 1291 2508 legibus
1306 2431 1340 2488 et

206 2509 408 2597 perficiendis
423 2509 611 2576 officialibus
625 2510 705 2576 dicti
721 2511 819 2596 regni,
832 2531 930 2596 quem
943 2509 1167 2596 perleomcntis
1181 2509 1339 2588 tenendis,
1481 2571 1482 2576 ,

209 2597 447 2682 tractandisque
467 2597 504 2662 in
524 2598 602 2683 ipso,
627 2603 660 2663 ct
680 2597 780 2664 nullis
794 2599 871 2682 ejus
892 2597 1005 2662 incolis
1026 2596 1071 2662 et⁶
1091 2615 1226 2682 regnum
1246 2595 1282 2660 id
1302 2597 1339 2660 in

204 2683 365 2768 judicium
379 2683 568 2749 evocandis:
590 2689 622 2750 et
636 2685 722 2769 quod
736 2684 772 2749 in
785 2685 851 2750 tuis
906 2684 1050 2750 tentibus
1061 2682 1162 2748 literis
1176 2683 1252 2748 inde
1263 2703 1339 2748 oon·

208 2771 302 2836 fectis
313 2769 440 2856 plenius
455 2771 624 2836 contineri⁰
634 2771 817 2838 dinoscitur.
880 2771 1150 2856 nsuper,praefets
1158 2769 1339 2870 Mergsrcte

208 2857 248 2924 de
261 2857 412 2942 praesenti
425 2856 498 2923 luce
512 2857 698 2936 substructa,
712 2865 746 2924 et
759 2857 889 2923 tondem
909 2877 1004 2942 super
1018 2856 1215 2922 successione
1236 2857 1338 2941 rpsius

208 2944 297 3030 regni
319 2944 437 3010 Scoeioo
462 2945 591 3009 suborta
613 2944 820 3010 discensionis
841 2945 975 3010 materie
994 2943 1079 3009 inter
1099 2947 1215 3028 portes,
1234 2942 1338 3028 ipsius

208 3031 298 3116 regni
319 3050 471 3115 proceres,
493 3036 672 3098 metuentes
691 3031 755 3096 sibi
769 3031 917 3116 dictoque
938 3051 1034 3116 regno
1055 3050 1158 3115 posse,
1173 3029 1337 3095 occasione

208 3115 402 3202 hujusmodi,
409 3117 631 3202 prejudicium
641 3118 792 3202 generari,
803 3138 868 3183 non
879 3117 973 3183 aliter
982 3117 1023 3182 sd
1033 3122 1124 3182 tuem
1132 3115 1338 3202 praesencirm

209 3210 300 3268 extre
315 3205 417 3289 ipsius
439 3204 529 3290 regni
549 3203 669 3269 limites
690 3205 838 3271 secedere
851 3205 1033 3281 voluerunt,
1046 3203 1111 3268 nisi
1124 3203 1213 3288 prius
1227 3221 1284 3287 per
1304 3211 1338 3266 te

208 3295 354 3374 petentes
365 3290 497 3375 scriptos
510 3289 707 3356 caverentur⁷
718 3291 839 3357 eisdem
847 3291 934 3376 quod
944 3290 979 3356 id
989 3310 1055 3355 non
1062 3289 1161 3354 fiebat
1171 3309 1211 3354 ex
1222 3287 1338 3364 debito,

209 3375 267 3440 sed
281 3396 321 3440 ex
331 3377 436 3461 grecie
449 3375 600 3460 speciali3
624 3377 772 3464 quodque
785 3377 913 3442 nullum
927 3377 1029 3464 ipsius
1043 3377 1133 3462 regni
1146 3373 1234 3441 ἱιιιίιι8
1243 3373 1338 3438 liber·

208 3461 331 3527 tetibus
344 3462 465 3546 posset⁹
475 3461 678 3548 dispendium
691 3464 865 3530 imminere.
906 3463 950 3528 Et
963 3463 1049 3543 licet,
1056 3471 1095 3528 ut
1105 3463 1232 3543 dicitur,
1243 3481 1339 3546 super

209 3553 297 3612 stetu
311 3548 454 3632 ejusdem
467 3550 559 3634 regni
573 3549 700 3629 Scocise,
711 3571 748 3616 ec
762 3551 831 3636 ejus
843 3551 935 3650 prius
949 3547 1060 3615 habite
1074 3549 1230 3628 libertate,
1239 3567 1337 3633 regno

209 3633 280 3719 ipso
294 3639 373 3699 tunc
387 3641 514 3700 carente
549 3636 675 3702 raesidio
696 3636 879 3715 defensoris,
892 3656 950 3721 per
962 3636 1065 3721 ipsius
1082 3635 1172 3722 regni
1185 3654 1339 3720 proceres,

208 3727 287 3786 tunc
295 3721 392 3786 velud
403 3657 578 3806 ecephelds,
589 3730 623 3788 et
632 3723 756 3789 duces¹⁰
763 3723 817 3790 vel
827 3724 944 3808 surige
951 3721 1138 3808 suffragium
1146 3742 1211 3786 non
1219 3721 1339 3785 heben-

209 3814 268 3886 tes,
289 3807 357 3873 sive
379 3828 436 3892 per
459 3807 554 3874 illum
577 3809 630 3874 cui
651 3810 776 3896 prefati
799 3809 889 3896 regni
913 3809 1062 3896 regimen,
1086 3809 1163 3874 lieet
1186 3807 1339 3885 indebite,

209 3894 323 3960 diceris
343 3894 547 3974 commisisse,
562 3903 671 3962 contre
692 3896 824 3963 solitum
844 3916 973 3976 morem,
987 3895 1096 3982 ulique
1115 3895 1246 3960 fuerunt
1266 3893 1339 3958 het-

206 3980 327 4046 tenus¹¹
348 3981 519 4063 innovste;
544 4002 581 4048 ee
605 3988 723 4064 tomen,
744 3989 877 4069 utpote
898 4004 955 4068 per
975 3983 1045 4048 vim
1071 3987 1104 4048 et
1127 3986 1252 4048 metum
1265 3999 1338 4065 quse

255 4155 266 4191 ²
278 4157 309 4210 ll.
322 4161 480 4210 memoretur.
612 4155 664 4210 ²0.
678 4159 708 4210 lu
722 4159 778 4211 add
788 4159 845 4212 hoc.
986 4156 1039 4212 ⁸0.
1052 4157 1082 4211 n
1096 4157 1245 4210 haberetur.

254 4225 266 4260 ⁴
278 4227 307 4280 0.
321 4227 351 4280 Ε.
365 4228 517 4296 contigeret
554 4228 587 4280 D.
600 4229 747 4298 contigeret
758 4229 853 4283 altered
863 4236 889 4283 to
901 4229 1050 4297 contigerit.

255 4294 309 4350 ⁶13.
322 4298 353 4350 R
367 4302 449 4350 extre„
485 4298 513 4351 (l.
527 4315 569 4352 ex.
986 4297 1043 4351 οΙ).
1055 4297 1196 4351 continere

255 4365 267 4402 ⁷
279 4368 309 4420 O.
321 4369 399 4420 reads
409 4369 512 4436 petenti
524 4371 621 4436 scripto
633 4374 778 4424 reveretur.
815 4369 846 4424 Ε.
859 4370 962 4438 petenti
973 4370 1073 4436 scripto
1085 4373 1228 4420 careretur.

255 4434 307 4490 ⁸0.
321 4439 350 4492 Fe
364 4439 419 4491 edd
431 4439 513 4506 ipsine
525 4442 606 4510 regni.
794 4487 800 4506 ,
988 4436 1039 4494 ⁹B.
1053 4441 1082 4492 0.
1095 4439 1125 4493 n
1138 4438 1229 4506 possit.

245 4505 267 4542 ¹⁰
279 4509 308 4561 B.
322 4509 351 4563 O.
364 4509 395 4563 Ε.
408 4509 489 4564 ducis
976 4508 997 4545 ¹¹
1009 4511 1038 4564 R
1053 4510 1081 4562 0.
1095 4509 1127 4561 D.
1140 4509 1170 4563 Ε.
1185 4509 1319 4562 hectenor.
