3282 5124
628 497 725 548 umus
738 494 895 548 occutus.
1264 492 1325 551 129

195 655 294 722 titulo
307 656 356 722 De
368 661 488 722 notura
500 653 601 740 feodi,
614 653 756 742 capitulo
775 655 888 740 primo,
905 654 941 720 in
962 655 1034 723 fine
1077 654 1203 724 Dicunt
1216 663 1325 725 umen

195 743 253 810 isti
267 743 363 828 quod
376 743 406 808 si
418 743 460 809 ad
473 743 704 808 successionem
717 743 807 827 regni
821 743 948 821 Scociee,
961 743 997 807 in
1011 763 1075 828 quo
1096 765 1183 810 nuno
1200 747 1325 810 contin·

196 830 254 917 git,
268 830 323 896 vel
336 829 443 908 simili,
456 837 589 914 optenta
608 829 705 894 luerit
726 829 922 895 consuetudo
944 837 1037 907 certo,
1051 830 1109 895 illc
1122 832 1327 912 consuetudo,

195 917 408 1002 pretermisso
428 916 517 980 omni
537 915 614 1002 lege,
628 914 785 981 servande
805 922 876 996 est;
895 916 947 982 sin
968 922 1086 994 eutem,
1099 918 1324 983 recurrendum

197 1003 300 1070 estad
313 1001 578 1070 consuetudinem
590 1001 770 1067 vicinorum
782 1001 973 1088 rtcgnorum,l
987 1023 1068 1089 que,
1078 1004 1114 1068 in
1125 1023 1201 1069 casu
1210 1005 1251 1070 de
1260 1025 1325 1090 quo

195 1090 308 1174 agitur,
332 1111 400 1156 non
418 1089 526 1155 vslest
545 1087 703 1168 inveniri;
720 1095 778 1154 eut
798 1089 1024 1154 recurrendum
1044 1097 1095 1156 eet
1115 1090 1156 1156 sd
1177 1091 1262 1175 leges
1283 1092 1324 1158 dc

195 1177 307 1242 usibus
335 1177 507 1255 feodorum,
534 1197 592 1261 per
618 1195 700 1260 ques
727 1174 943 1242 excluduntur
970 1196 1080 1242 omnes
1107 1183 1264 1262 petentes,
1290 1185 1325 1244 et

196 1263 383 1330 devolutum
404 1270 454 1329 est
473 1282 608 1348 regnum
628 1263 669 1326 ad
683 1261 851 1327 dominum
864 1263 1075 1347 superiorem
1094 1270 1151 1328 out
1164 1284 1324 1330 recurren-

195 1349 275 1414 dum
288 1357 339 1415 est
359 1350 400 1416 ad
421 1349 507 1435 leges
526 1369 710 1415 communes
731 1356 765 1414 et
785 1349 974 1434 imperiales,
988 1369 1045 1433 per
1065 1370 1145 1433 quse
1166 1353 1324 1416 successio

194 1436 236 1500 sd
249 1436 364 1502 linium
377 1434 591 1502 collateralem
612 1433 698 1500 ultre
718 1435 831 1502 iratres
852 1435 953 1500 dileto
972 1443 1006 1500 et
1018 1436 1153 1501 fratrum
1167 1437 1259 1516 filios,
1272 1439 1325 1504 in·

194 1522 379 1589 dubitanter
403 1523 543 1588 defertur
566 1521 787 1608 propinquiori
814 1522 851 1587 in
877 1521 985 1608 gradu
1009 1522 1260 1608 primogenitius
1287 1525 1323 1588 in

194 1609 258 1674 alis
280 1630 414 1695 persone
435 1630 501 1675 non
523 1609 678 1674 obstante.
721 1608 877 1694 Magister
898 1629 974 1674 vero
996 1609 1161 1675 Johsnnes
1183 1609 1223 1675 de
1246 1611 1323 1675 For-

194 1695 336 1774 calcnria,
344 1695 496 1782 magister
509 1695 664 1780 Syrcrdus
680 1695 779 1781 Psgii,
789 1695 940 1780 magister
954 1695 1125 1761 Reverius²
1138 1696 1178 1761 de
1192 1695 1322 1762 lloren-

194 1783 253 1860 cia,
266 1783 418 1862 doctores,
431 1783 468 1848 in
481 1781 617 1848 decretis
637 1781 750 1848 dicunt
764 1781 859 1866 quod,
873 1780 958 1846 tam⁸
971 1781 1045 1865 jure
1058 1783 1210 1848 canonico
1224 1805 1321 1868 quam

193 1867 292 1948 civili,
303 1890 344 1935 ex
357 1890 421 1954 quc
435 1869 491 1934 isti
504 1875 649 1954 petentes
663 1875 741 1933 sunt
754 1869 948 1953 attingentes
961 1868 1028 1955 regi
1042 1868 1157 1934 ultimo
1170 1869 1322 1936 defuncto

190 1954 227 2020 in
247 1954 329 2021 linis
344 1955 528 2034 collaterali,
542 1962 576 2021 et
589 1955 691 2020 eciam
704 1952 809 2038 quod⁴
823 1961 900 2020 sunt
912 1955 999 2025 ultre
1012 1955 1124 2022 frenes
1138 1963 1172 2022 et
1185 1957 1320 2022 frutnrm

191 2041 284 2120 lilios,
305 2063 370 2107 non
389 2049 513 2107 sttsntc
532 2041 781 2126 primogenitura
800 2039 918 2125 alique,
936 2041 1144 2127 propinquior
1164 2041 1200 2106 in
1219 2042 1320 2128 gradu

214 2129 366 2194 rrefsrtur.
409 2127 503 2205 Quod
524 2134 574 2194 est
594 2147 715 2204 verum
728 2125 801 2204 nisi,
814 2127 849 2190 in
870 2126 940 2193 loco
961 2127 1002 2193 de
1024 2148 1088 2212 quo
1104 2128 1217 2212 egitur,
1231 2128 1323 2194 uliud

192 2147 233 2280 de
255 2213 484 2279 consuetudine
504 2212 594 2299 regni
614 2212 799 2279 observetur
808 2235 819 2294 3
838 2232 915 2278 nem
935 2213 1132 2280 consuetudo
1148 2214 1322 2302 opprobctc

191 2297 311 2370 iuloco
324 2297 759 2388 suoproelertruomnilege.
1186 2313 1192 2324 '

258 2633 420 2722 §mutu
432 2636 470 2707 tr
483 2635 610 2716 mccc:
628 2631 782 2706 cmm
794 2655 856 2723 prs
868 2655 938 2722 rcus
951 2634 1190 2721 lislam-lt.
1205 2637 1251 2708 ix„

188 2785 451 2890 ffiomrtus
464 2813 648 2882 willelmus
661 2814 774 2892 Bonct,
787 2833 932 2879 summus
949 2813 1059 2880 doctor
1068 2813 1150 2900 juris
1165 2813 1319 2894 cononici,

189 2899 271 2968 dicit
290 2901 428 2988 quodsi
446 2901 547 2968 altere
566 2900 705 2967 filiorum
725 2899 852 2966 comitis
872 2900 982 2966 Duvid
1002 2901 1231 2985 supervixisset
1250 2903 1318 2988 regi

188 2987 373 3054 Alexandro
387 2989 502 3054 ultime
517 2988 677 3066 defuncto,
690 2987 733 3053 ad
746 2987 851 3073 ipsam
860 2994 894 3053 et
904 2987 973 3070 ojus
983 2987 1203 3071 posteritatem
1213 2996 1317 3055 tram-

187 3075 306 3142 leretur
319 3077 476 3142 successio
490 3074 570 3141 dicti
582 3075 692 3160 regni:
716 3074 746 3140 si
759 3080 868 3140 eutem
887 3080 1001 3138 neutro
1011 3073 1137 3139 eenrm⁵
1150 3073 1236 3142 dicto
1249 3076 1317 3161 regi

186 3162 423 3247 supervixisset,
436 3169 516 3228 tuno
535 3162 599 3228 iste
619 3161 660 3227 ds
673 3159 797 3226 duobus
818 3160 1002 3246 petentibus
1021 3159 1079 3244 qui
1091 3159 1197 3246 prius⁰
1211 3161 1316 3240 esset,'

187 3248 446 3400 tunsus
463 3247 645 3400 tues
661 3245 1315 3421 ssimum

184 3419 334 3486 ferendus
348 3427 407 3486 est
482 3419 604 3504 dquod
622 3383 672 3485 eit
692 3426 824 3486 suctum
843 3416 1169 3506 qussi-fexpressml
1209 3421 1319 3488 usndo

185 3505 227 3571 de
241 3506 438 3572 successione
558 3513 664 3572 torum
680 3525 722 3571 er
742 3512 922 3570 transverso
942 3505 1153 3572 veniencinm
1168 3441 1319 3594 ollem

185 3589 280 3658 aldus
302 3592 440 3670 Barbon,
530 3593 601 3658 'vus
623 3592 839 3670 Normsnnirs,
864 3589 1039 3657 declinavit
1061 3591 1097 3656 in
1118 3595 1316 3660 sentenciam

186 3677 299 3746 decani
312 3678 504 3746 mensis
517 3679 553 3744 in
566 3678 636 3757 hoc,
648 3679 709 3744 vir.
724 3678 819 3765 quod,
832 3677 861 3744 si
874 3697 971 3762 super
982 3677 1180 3745 successione
1195 3679 1235 3746 de
1249 3701 1314 3765 quc

184 3765 290 3850 egitur
303 3765 339 3829 in
352 3765 494 3850 personis
507 3785 618 3851 regum
632 3763 750 3831 Soooiae
764 3771 849 3831 certo
862 3763 959 3830 fuerit
967 3772 1098 3850 optenta
1108 3767 1315 3846 consuetudo,

184 3851 256 3936 ipsa
278 3858 328 3918 est
349 3853 481 3918 omnino
502 3851 698 3918 observando
709 3874 718 3932 ;
749 3857 783 3916 et
806 3871 872 3915 non
896 3850 1062 3916 observate
1083 3851 1315 3919 consuetudine

184 3945 317 4023 optenta
330 3938 366 4003 in
379 3938 630 4004 successionibus
651 3937 814 4015 comitum,
826 3935 991 4014 baronum
1004 3944 1038 4003 et
1054 3936 1189 4003 aliorum
1203 3939 1313 4004 subdi·

184 4032 293 4092 tcrum
305 4024 449 4110 ejusdem
459 4024 555 4126 regni.
593 4024 686 4104 Quod
696 4023 725 4090 si
735 4023 771 4088 in
780 4023 923 4108 personis
933 4043 1052 4109 regum,
1062 4043 1126 4108 quo
1137 4023 1178 4089 sd
1188 4044 1317 4091 succes-

185 4111 317 4191 sionem,
326 4111 407 4177 dicti
419 4130 517 4212 regnu,
530 4109 621 4212 nulls
634 4109 731 4176 luerit
744 4115 876 4194 optento
889 4109 1085 4175 consuetudo
1095 4110 1131 4174 in
1141 4130 1217 4176 casu
1230 4131 1312 4196 prse-

183 4197 283 4263 misso
300 4197 355 4264 vel
382 4197 551 4276 consrmilr,
572 4203 650 4264 tunc
669 4195 895 4262 recurrendum
915 4202 965 4262 est
986 4196 1028 4262 od
1047 4197 1311 4264 consuetudinem
1401 4293 1406 4306 Ι

218 4392 229 4429 ¹
241 4409 381 4464 regnorum
393 4399 420 4450 ic
431 4398 534 4462 morato
546 4395 619 4448 lotor.
735 4391 747 4430 ¹
759 4395 787 4450 0.
803 4393 837 4450 D.
849 4397 879 4450 E
896 4395 1031 4450 &nerins
1155 4395 1207 4451 ¹0.
1219 4397 1282 4462 jam

217 4464 337 4535 *stom
409 4465 461 4520 ¹0.
476 4467 630 4520 Rlllsnrm.
735 4464 950 4536 ’uspersus
1033 4465 1291 4522 'Glinddnatus

741 4551 756 4602 l
