<?xml version="1.0" encoding="UTF-8"?>
<!DOCTYPE html PUBLIC "-//W3C//DTD XHTML 1.0 Transitional//EN"
    "http://www.w3.org/TR/xhtml1/DTD/xhtml1-transitional.dtd">
<html xmlns="http://www.w3.org/1999/xhtml" xml:lang="en" lang="en">
 <head>
  <title>
</title>
<meta http-equiv="Content-Type" content="text/html;charset=utf-8" />
  <meta name='ocr-system' content='tesseract 3.04.00' />
  <meta name='ocr-capabilities' content='ocr_page ocr_carea ocr_par ocr_line ocrx_word'/>
</head>
<body>
  <div class='ocr_page' id='page_1' title='image "./liberpluscarden01skengoog_0307.png"; bbox 0 0 3286 5112; ppageno 0'>
   <div class='ocr_carea' id='block_1_1' title="bbox 661 493 1339 552">
    <p class='ocr_par' dir='ltr' id='par_1_1' title="bbox 661 493 1339 552">
     <span class='ocr_line' id='line_1_1' title="bbox 661 493 1339 552; baseline 0 -2"><span class='ocrx_word' id='word_1_1' title='bbox 661 499 756 550; x_wconf 77' lang='lat' dir='ltr'><strong>trane</strong></span> <span class='ocrx_word' id='word_1_2' title='bbox 770 500 887 552; x_wconf 79' lang='lat' dir='ltr'>NONUS.</span> <span class='ocrx_word' id='word_1_3' title='bbox 1278 493 1339 550; x_wconf 76' lang='grc'><strong>249</strong></span> 
     </span>
    </p>
   </div>
   <div class='ocr_carea' id='block_1_2' title="bbox 215 657 1341 869">
    <p class='ocr_par' dir='ltr' id='par_1_2' title="bbox 215 657 1341 869">
     <span class='ocr_line' id='line_1_2' title="bbox 215 657 1341 744; baseline 0.002 -22"><span class='ocrx_word' id='word_1_4' title='bbox 215 661 376 722; x_wconf 76' lang='lat' dir='ltr'><strong>cessantes</strong></span> <span class='ocrx_word' id='word_1_5' title='bbox 398 657 497 724; x_wconf 89' lang='lat' dir='ltr'><strong>donec</strong></span> <span class='ocrx_word' id='word_1_6' title='bbox 518 658 582 743; x_wconf 90' lang='lat' dir='ltr'><strong>ipsi</strong></span> <span class='ocrx_word' id='word_1_7' title='bbox 607 658 647 724; x_wconf 87' lang='lat' dir='ltr'><strong>ab</strong></span> <span class='ocrx_word' id='word_1_8' title='bbox 668 659 789 743; x_wconf 87' lang='lat' dir='ltr'><strong>injusta</strong></span> <span class='ocrx_word' id='word_1_9' title='bbox 809 663 919 724; x_wconf 89' lang='lat' dir='ltr'><strong>nostra</strong></span> <span class='ocrx_word' id='word_1_10' title='bbox 940 657 1070 724; x_wconf 85' lang='lat' dir='ltr'><strong>laesione</strong></span> <span class='ocrx_word' id='word_1_11' title='bbox 1094 657 1260 744; x_wconf 89' lang='lat' dir='ltr'><strong>quiescant</strong></span> <span class='ocrx_word' id='word_1_12' title='bbox 1271 682 1279 739; x_wconf 91' lang='lat'>;</span> <span class='ocrx_word' id='word_1_13' title='bbox 1308 664 1341 725; x_wconf 89' lang='lat' dir='ltr'><strong>et</strong></span> 
     </span>
     <span class='ocr_line' id='line_1_3' title="bbox 216 744 1341 869; baseline 0.002 -61"><span class='ocrx_word' id='word_1_14' title='bbox 216 744 302 828; x_wconf 90' lang='lat' dir='ltr'><strong>quod</strong></span> <span class='ocrx_word' id='word_1_15' title='bbox 319 745 518 869; x_wconf 65' lang='lat' dir='ltr'><strong>p&#39;ustissimus</strong></span> <span class='ocrx_word' id='word_1_16' title='bbox 532 744 641 810; x_wconf 83' lang='lat' dir='ltr'><strong>Judex</strong></span> <span class='ocrx_word' id='word_1_17' title='bbox 655 746 811 830; x_wconf 38' lang='lat' dir='ltr'><strong>conduma</strong></span> <span class='ocrx_word' id='word_1_18' title='bbox 832 746 958 810; x_wconf 81' lang='lat' dir='ltr'>ulcione</span> <span class='ocrx_word' id='word_1_19' title='bbox 978 765 1037 810; x_wconf 90' lang='lat' dir='ltr'><strong>nos</strong></span> <span class='ocrx_word' id='word_1_20' title='bbox 1059 747 1222 812; x_wconf 80' lang='lat' dir='ltr'><strong>evidenter</strong></span> <span class='ocrx_word' id='word_1_21' title='bbox 1234 747 1341 810; x_wconf 83' lang='lat' dir='ltr'><strong>vindi-</strong></span> 
     </span>
    </p>
   </div>
   <div class='ocr_carea' id='block_1_3' title="bbox 214 830 1341 1350">
    <p class='ocr_par' dir='ltr' id='par_1_3' title="bbox 214 830 1341 1350">
     <span class='ocr_line' id='line_1_4' title="bbox 216 830 1341 918; baseline 0.003 -23"><span class='ocrx_word' id='word_1_22' title='bbox 216 830 318 895; x_wconf 88' lang='lat' dir='ltr'><strong>cando</strong></span> <span class='ocrx_word' id='word_1_23' title='bbox 356 831 539 896; x_wconf 71' lang='lat' dir='ltr'><strong>ulciscetur²</strong></span> <span class='ocrx_word' id='word_1_24' title='bbox 560 831 600 896; x_wconf 89' lang='lat' dir='ltr'><strong>de</strong></span> <span class='ocrx_word' id='word_1_25' title='bbox 625 852 734 896; x_wconf 90' lang='lat' dir='ltr'><strong>eorum</strong></span> <span class='ocrx_word' id='word_1_26' title='bbox 753 833 902 918; x_wconf 81' lang='lat' dir='ltr'><strong>superbia</strong></span> <span class='ocrx_word' id='word_1_27' title='bbox 923 839 956 897; x_wconf 89' lang='lat' dir='ltr'><strong>et</strong></span> <span class='ocrx_word' id='word_1_28' title='bbox 977 832 1048 897; x_wconf 87' lang='lat' dir='ltr'><strong>aliis</strong></span> <span class='ocrx_word' id='word_1_29' title='bbox 1070 833 1164 897; x_wconf 84' lang='lat' dir='ltr'><strong>fectis</strong></span> <span class='ocrx_word' id='word_1_30' title='bbox 1183 833 1341 917; x_wconf 89' lang='lat' dir='ltr'><strong>nequissi-</strong></span> 
     </span>
     <span class='ocr_line' id='line_1_5' title="bbox 215 918 1340 1002; baseline 0.003 -21"><span class='ocrx_word' id='word_1_31' title='bbox 215 918 287 994; x_wconf 90' lang='lat' dir='ltr'><strong>mis,</strong></span> <span class='ocrx_word' id='word_1_32' title='bbox 301 918 386 1002; x_wconf 90' lang='lat' dir='ltr'><strong>quod</strong></span> <span class='ocrx_word' id='word_1_33' title='bbox 408 918 541 983; x_wconf 85' lang='lat' dir='ltr'><strong>firmiter</strong></span> <span class='ocrx_word' id='word_1_34' title='bbox 554 918 713 984; x_wconf 89' lang='lat' dir='ltr'><strong>oredimus</strong></span> <span class='ocrx_word' id='word_1_35' title='bbox 728 921 853 984; x_wconf 87' lang='lat' dir='ltr'><strong>concito</strong></span> <span class='ocrx_word' id='word_1_36' title='bbox 867 924 1045 984; x_wconf 86' lang='lat' dir='ltr'><strong>venturum.</strong></span> <span class='ocrx_word' id='word_1_37' title='bbox 1092 919 1196 997; x_wconf 89' lang='lat' dir='ltr'><strong>Unde,</strong></span> <span class='ocrx_word' id='word_1_38' title='bbox 1209 919 1238 984; x_wconf 88' lang='lat' dir='ltr'><strong>si</strong></span> <span class='ocrx_word' id='word_1_39' title='bbox 1252 920 1340 985; x_wconf 89' lang='lat' dir='ltr'><strong>curia</strong></span> 
     </span>
     <span class='ocr_line' id='line_1_6' title="bbox 216 1003 1340 1090; baseline 0.002 -22"><span class='ocrx_word' id='word_1_40' title='bbox 216 1003 360 1068; x_wconf 89' lang='lat' dir='ltr'><strong>Romana</strong></span> <span class='ocrx_word' id='word_1_41' title='bbox 370 1004 410 1068; x_wconf 90' lang='lat' dir='ltr'><strong>da</strong></span> <span class='ocrx_word' id='word_1_42' title='bbox 424 1025 533 1069; x_wconf 82' lang='lat' dir='ltr'><strong>comm</strong></span> <span class='ocrx_word' id='word_1_43' title='bbox 547 1006 641 1070; x_wconf 87' lang='lat' dir='ltr'><strong>factis</strong></span> <span class='ocrx_word' id='word_1_44' title='bbox 660 1005 863 1089; x_wconf 88' lang='lat' dir='ltr'><strong>nequissimis</strong></span> <span class='ocrx_word' id='word_1_45' title='bbox 880 1007 995 1071; x_wconf 87' lang='lat' dir='ltr'><strong>fuisset</strong></span> <span class='ocrx_word' id='word_1_46' title='bbox 1011 1007 1123 1070; x_wconf 88' lang='lat' dir='ltr'><strong>edocta</strong></span> <span class='ocrx_word' id='word_1_47' title='bbox 1142 1006 1182 1071; x_wconf 90' lang='lat' dir='ltr'><strong>ad</strong></span> <span class='ocrx_word' id='word_1_48' title='bbox 1199 1006 1340 1090; x_wconf 88' lang='lat' dir='ltr'><strong>plenum,</strong></span> 
     </span>
     <span class='ocr_line' id='line_1_7' title="bbox 216 1090 1340 1178; baseline 0.002 -24"><span class='ocrx_word' id='word_1_49' title='bbox 216 1090 256 1155; x_wconf 89' lang='lat' dir='ltr'><strong>ds</strong></span> <span class='ocrx_word' id='word_1_50' title='bbox 276 1091 417 1174; x_wconf 86' lang='lat' dir='ltr'><strong>ipsorum</strong></span> <span class='ocrx_word' id='word_1_51' title='bbox 438 1091 562 1156; x_wconf 90' lang='lat' dir='ltr'><strong>actibus</strong></span> <span class='ocrx_word' id='word_1_52' title='bbox 583 1091 716 1156; x_wconf 90' lang='lat' dir='ltr'><strong>minime</strong></span> <span class='ocrx_word' id='word_1_53' title='bbox 737 1093 851 1158; x_wconf 75' lang='lat' dir='ltr'><strong>diisset</strong></span> <span class='ocrx_word' id='word_1_54' title='bbox 871 1098 1026 1158; x_wconf 75' lang='lat' dir='ltr'><strong>consents.</strong></span> <span class='ocrx_word' id='word_1_55' title='bbox 1071 1093 1157 1157; x_wconf 86' lang='lat' dir='ltr'><strong>Nam</strong></span> <span class='ocrx_word' id='word_1_56' title='bbox 1175 1093 1251 1178; x_wconf 81' lang='lat' dir='ltr'><strong>ipsi³</strong></span> <span class='ocrx_word' id='word_1_57' title='bbox 1267 1093 1340 1156; x_wconf 90' lang='lat' dir='ltr'><strong>uni-</strong></span> 
     </span>
     <span class='ocr_line' id='line_1_8' title="bbox 215 1177 1341 1264; baseline 0.003 -23"><span class='ocrx_word' id='word_1_58' title='bbox 215 1197 322 1241; x_wconf 86' lang='lat' dir='ltr'><strong>versos</strong></span> <span class='ocrx_word' id='word_1_59' title='bbox 351 1177 436 1242; x_wconf 89' lang='lat' dir='ltr'><strong>orbis</strong></span> <span class='ocrx_word' id='word_1_60' title='bbox 464 1184 619 1242; x_wconf 86' lang='lat' dir='ltr'><strong>terrarum</strong></span> <span class='ocrx_word' id='word_1_61' title='bbox 646 1178 796 1244; x_wconf 90' lang='lat' dir='ltr'><strong>naciones</strong></span> <span class='ocrx_word' id='word_1_62' title='bbox 820 1199 928 1243; x_wconf 88' lang='lat' dir='ltr'><strong>eorum</strong></span> <span class='ocrx_word' id='word_1_63' title='bbox 951 1178 1114 1244; x_wconf 78' lang='lat' dir='ltr'><strong>tirannide</strong></span> <span class='ocrx_word' id='word_1_64' title='bbox 1135 1179 1283 1264; x_wconf 89' lang='lat' dir='ltr'><strong>superbia</strong></span> <span class='ocrx_word' id='word_1_65' title='bbox 1308 1185 1341 1244; x_wconf 89' lang='lat' dir='ltr'><strong>et</strong></span> 
     </span>
     <span class='ocr_line' id='line_1_9' title="bbox 214 1262 1341 1350; baseline 0.004 -24"><span class='ocrx_word' id='word_1_66' title='bbox 214 1262 360 1328; x_wconf 85' lang='lat' dir='ltr'><strong>libidinis</strong></span> <span class='ocrx_word' id='word_1_67' title='bbox 389 1264 574 1329; x_wconf 89' lang='lat' dir='ltr'><strong>dominandi</strong></span> <span class='ocrx_word' id='word_1_68' title='bbox 603 1266 740 1330; x_wconf 85' lang='lat' dir='ltr'><strong>avaricia</strong></span> <span class='ocrx_word' id='word_1_69' title='bbox 768 1263 980 1350; x_wconf 82' lang='lat' dir='ltr'><strong>impugnant,⁴</strong></span> <span class='ocrx_word' id='word_1_70' title='bbox 1009 1271 1043 1330; x_wconf 91' lang='lat' dir='ltr'><strong>st</strong></span> <span class='ocrx_word' id='word_1_71' title='bbox 1071 1285 1181 1330; x_wconf 88' lang='lat' dir='ltr'><strong>eorum</strong></span> <span class='ocrx_word' id='word_1_72' title='bbox 1208 1265 1341 1350; x_wconf 87' lang='lat' dir='ltr'><strong>perfidia</strong></span> 
     </span>
    </p>
   </div>
   <div class='ocr_carea' id='block_1_4' title="bbox 104 1345 1340 1436">
    <p class='ocr_par' dir='ltr' id='par_1_4' title="bbox 104 1345 1340 1436">
     <span class='ocr_line' id='line_1_10' title="bbox 104 1345 1340 1436; baseline 0.004 -24"><span class='ocrx_word' id='word_1_73' title='bbox 104 1345 113 1358; x_wconf 89' lang='lat'>&#39;</span> <span class='ocrx_word' id='word_1_74' title='bbox 213 1349 407 1416; x_wconf 72' lang='lat' dir='ltr'><strong>molestant.⁵</strong></span> <span class='ocrx_word' id='word_1_75' title='bbox 450 1352 494 1415; x_wconf 89' lang='lat' dir='ltr'><strong>Et</strong></span> <span class='ocrx_word' id='word_1_76' title='bbox 515 1351 561 1416; x_wconf 91' lang='lat' dir='ltr'><strong>sic</strong></span> <span class='ocrx_word' id='word_1_77' title='bbox 582 1371 649 1429; x_wconf 90' lang='lat' dir='ltr'><strong>nos,</strong></span> <span class='ocrx_word' id='word_1_78' title='bbox 669 1351 740 1436; x_wconf 79' lang='lat' dir='ltr'><strong>pr0⁸</strong></span> <span class='ocrx_word' id='word_1_79' title='bbox 752 1352 945 1416; x_wconf 85' lang='lat' dir='ltr'><strong>excuciando</strong></span> <span class='ocrx_word' id='word_1_80' title='bbox 966 1353 1108 1436; x_wconf 82' lang='lat' dir='ltr'><strong>ipsorum</strong></span> <span class='ocrx_word' id='word_1_81' title='bbox 1126 1352 1204 1416; x_wconf 89' lang='lat' dir='ltr'><strong>duro</strong></span> <span class='ocrx_word' id='word_1_82' title='bbox 1226 1358 1259 1417; x_wconf 88' lang='lat' dir='ltr'><strong>et</strong></span> <span class='ocrx_word' id='word_1_83' title='bbox 1279 1352 1340 1416; x_wconf 92' lang='lat' dir='ltr'><strong>im·</strong></span> 
     </span>
    </p>
   </div>
   <div class='ocr_carea' id='block_1_5' title="bbox 205 1436 1352 3858">
    <p class='ocr_par' dir='ltr' id='par_1_5' title="bbox 205 1436 1352 3858">
     <span class='ocr_line' id='line_1_11' title="bbox 212 1436 1340 1524; baseline 0.002 -24"><span class='ocrx_word' id='word_1_84' title='bbox 212 1436 363 1519; x_wconf 79' lang='lat' dir='ltr'><strong>portabili</strong></span> <span class='ocrx_word' id='word_1_85' title='bbox 377 1438 540 1502; x_wconf 83' lang='lat' dir='ltr'><strong>servitutis</strong></span> <span class='ocrx_word' id='word_1_86' title='bbox 557 1439 635 1522; x_wconf 87' lang='lat' dir='ltr'><strong>jugo</strong></span> <span class='ocrx_word' id='word_1_87' title='bbox 649 1444 683 1502; x_wconf 89' lang='lat' dir='ltr'><strong>et</strong></span> <span class='ocrx_word' id='word_1_88' title='bbox 696 1438 910 1522; x_wconf 78' lang='lat' dir='ltr'><strong>recuperande</strong></span> <span class='ocrx_word' id='word_1_89' title='bbox 923 1439 1047 1524; x_wconf 89' lang='lat' dir='ltr'><strong>perdita</strong></span> <span class='ocrx_word' id='word_1_90' title='bbox 1059 1439 1207 1503; x_wconf 87' lang='lat' dir='ltr'><strong>libertate</strong></span> <span class='ocrx_word' id='word_1_91' title='bbox 1220 1439 1340 1515; x_wconf 88' lang='lat' dir='ltr'><strong>innata,</strong></span> 
     </span>
     <span class='ocr_line' id='line_1_12' title="bbox 213 1523 1339 1610; baseline 0.004 -24"><span class='ocrx_word' id='word_1_92' title='bbox 213 1523 380 1588; x_wconf 90' lang='lat' dir='ltr'><strong>mortalem</strong></span> <span class='ocrx_word' id='word_1_93' title='bbox 400 1545 545 1609; x_wconf 81' lang='lat' dir='ltr'><strong>guerram</strong></span> <span class='ocrx_word' id='word_1_94' title='bbox 567 1524 682 1590; x_wconf 88' lang='lat' dir='ltr'><strong>habere</strong></span> <span class='ocrx_word' id='word_1_95' title='bbox 706 1526 863 1609; x_wconf 85' lang='lat' dir='ltr'><strong>cogimur:</strong></span> <span class='ocrx_word' id='word_1_96' title='bbox 894 1527 1046 1610; x_wconf 90' lang='lat' dir='ltr'><strong>quoniam</strong></span> <span class='ocrx_word' id='word_1_97' title='bbox 1066 1525 1196 1589; x_wconf 90' lang='lat' dir='ltr'><strong>illorum</strong></span> <span class='ocrx_word' id='word_1_98' title='bbox 1218 1531 1339 1590; x_wconf 79' lang='lat' dir='ltr'><strong>atroces</strong></span> 
     </span>
     <span class='ocr_line' id='line_1_13' title="bbox 212 1609 1339 1695; baseline 0.004 -23"><span class='ocrx_word' id='word_1_99' title='bbox 212 1609 346 1694; x_wconf 89' lang='lat' dir='ltr'><strong>injurias</strong></span> <span class='ocrx_word' id='word_1_100' title='bbox 361 1615 394 1674; x_wconf 90' lang='lat' dir='ltr'><strong>et</strong></span> <span class='ocrx_word' id='word_1_101' title='bbox 409 1611 572 1675; x_wconf 89' lang='lat' dir='ltr'><strong>servitutis</strong></span> <span class='ocrx_word' id='word_1_102' title='bbox 586 1612 802 1695; x_wconf 88' lang='lat' dir='ltr'><strong>subjecciones</strong></span> <span class='ocrx_word' id='word_1_103' title='bbox 817 1611 1016 1677; x_wconf 88' lang='lat' dir='ltr'><strong>muliebriter</strong></span> <span class='ocrx_word' id='word_1_104' title='bbox 1034 1613 1168 1677; x_wconf 87' lang='lat' dir='ltr'><strong>ulterius</strong></span> <span class='ocrx_word' id='word_1_105' title='bbox 1182 1612 1339 1676; x_wconf 86' lang='lat' dir='ltr'><strong>sustinere</strong></span> 
     </span>
     <span class='ocr_line' id='line_1_14' title="bbox 213 1698 1340 1784; baseline 0.003 -25"><span class='ocrx_word' id='word_1_106' title='bbox 213 1716 279 1759; x_wconf 90' lang='lat' dir='ltr'><strong>non</strong></span> <span class='ocrx_word' id='word_1_107' title='bbox 299 1717 477 1780; x_wconf 90' lang='lat' dir='ltr'><strong>possumus.</strong></span> <span class='ocrx_word' id='word_1_108' title='bbox 521 1698 573 1774; x_wconf 90' lang='lat' dir='ltr'><strong>Et,</strong></span> <span class='ocrx_word' id='word_1_109' title='bbox 593 1706 631 1762; x_wconf 91' lang='lat' dir='ltr'><strong>ut</strong></span> <span class='ocrx_word' id='word_1_110' title='bbox 657 1703 801 1763; x_wconf 91' lang='lat' dir='ltr'><strong>nostrum</strong></span> <span class='ocrx_word' id='word_1_111' title='bbox 829 1699 1028 1784; x_wconf 86' lang='lat' dir='ltr'><strong>propositum</strong></span> <span class='ocrx_word' id='word_1_112' title='bbox 1053 1699 1186 1764; x_wconf 78' lang='lat' dir='ltr'><strong>ederim</strong></span> <span class='ocrx_word' id='word_1_113' title='bbox 1211 1703 1244 1763; x_wconf 90' lang='lat' dir='ltr'><strong>et</strong></span> <span class='ocrx_word' id='word_1_114' title='bbox 1265 1719 1340 1763; x_wconf 91' lang='lat' dir='ltr'><strong>oon-</strong></span> 
     </span>
     <span class='ocr_line' id='line_1_15' title="bbox 212 1783 1338 1870; baseline 0.004 -24"><span class='ocrx_word' id='word_1_115' title='bbox 212 1783 380 1866; x_wconf 84' lang='lat' dir='ltr'><strong>grusneius</strong></span> <span class='ocrx_word' id='word_1_116' title='bbox 410 1783 599 1868; x_wconf 89' lang='lat' dir='ltr'><strong>perimplers</strong></span> <span class='ocrx_word' id='word_1_117' title='bbox 627 1791 660 1848; x_wconf 89' lang='lat' dir='ltr'><strong>et</strong></span> <span class='ocrx_word' id='word_1_118' title='bbox 695 1785 843 1869; x_wconf 88' lang='lat' dir='ltr'><strong>perficere</strong></span> <span class='ocrx_word' id='word_1_119' title='bbox 875 1786 1038 1850; x_wconf 85' lang='lat' dir='ltr'><strong>valeamus</strong></span> <span class='ocrx_word' id='word_1_120' title='bbox 1070 1787 1105 1849; x_wconf 91' lang='lat' dir='ltr'><strong>in</strong></span> <span class='ocrx_word' id='word_1_121' title='bbox 1142 1785 1202 1850; x_wconf 88' lang='lat' dir='ltr'><strong>hac</strong></span> <span class='ocrx_word' id='word_1_122' title='bbox 1238 1793 1338 1870; x_wconf 87' lang='lat' dir='ltr'><strong>parte,</strong></span> 
     </span>
     <span class='ocr_line' id='line_1_16' title="bbox 212 1869 1339 1956; baseline 0.004 -24"><span class='ocrx_word' id='word_1_123' title='bbox 212 1869 407 1933; x_wconf 84' lang='lat' dir='ltr'><strong>Edwardum</strong></span> <span class='ocrx_word' id='word_1_124' title='bbox 438 1870 478 1935; x_wconf 90' lang='lat' dir='ltr'><strong>de</strong></span> <span class='ocrx_word' id='word_1_125' title='bbox 507 1871 616 1954; x_wconf 88' lang='lat' dir='ltr'><strong>Broys,</strong></span> <span class='ocrx_word' id='word_1_126' title='bbox 653 1870 801 1936; x_wconf 91' lang='lat' dir='ltr'><strong>comitem</strong></span> <span class='ocrx_word' id='word_1_127' title='bbox 831 1872 870 1936; x_wconf 92' lang='lat' dir='ltr'><strong>de</strong></span> <span class='ocrx_word' id='word_1_128' title='bbox 907 1873 1027 1950; x_wconf 80' lang='lat' dir='ltr'><strong>Garrilr,</strong></span> <span class='ocrx_word' id='word_1_129' title='bbox 1062 1871 1222 1936; x_wconf 89' lang='lat' dir='ltr'><strong>illustrem</strong></span> <span class='ocrx_word' id='word_1_130' title='bbox 1256 1871 1339 1956; x_wconf 85' lang='lat' dir='ltr'><strong>rogis</strong></span> 
     </span>
     <span class='ocr_line' id='line_1_17' title="bbox 214 1955 1339 2042; baseline 0.003 -23"><span class='ocrx_word' id='word_1_131' title='bbox 214 1955 331 2020; x_wconf 87' lang='lat' dir='ltr'><strong>Seooiee</strong></span> <span class='ocrx_word' id='word_1_132' title='bbox 346 1955 479 2020; x_wconf 80' lang='lat' dir='ltr'><strong>illustris</strong></span> <span class='ocrx_word' id='word_1_133' title='bbox 495 1957 627 2022; x_wconf 88' lang='lat' dir='ltr'><strong>Roberti</strong></span> <span class='ocrx_word' id='word_1_134' title='bbox 640 1957 680 2022; x_wconf 89' lang='lat' dir='ltr'><strong>de</strong></span> <span class='ocrx_word' id='word_1_135' title='bbox 694 1959 795 2042; x_wconf 85' lang='lat' dir='ltr'><strong>Broys</strong></span> <span class='ocrx_word' id='word_1_136' title='bbox 809 1959 939 2023; x_wconf 86' lang='lat' dir='ltr'><strong>fratrem</strong></span> <span class='ocrx_word' id='word_1_137' title='bbox 951 1979 1146 2042; x_wconf 80' lang='lat' dir='ltr'><strong>germanum,</strong></span> <span class='ocrx_word' id='word_1_138' title='bbox 1161 1958 1213 2023; x_wconf 83' lang='lat' dir='ltr'><strong>de⁷</strong></span> <span class='ocrx_word' id='word_1_139' title='bbox 1224 1957 1339 2030; x_wconf 87' lang='lat' dir='ltr'><strong>nobili-</strong></span> 
     </span>
     <span class='ocr_line' id='line_1_18' title="bbox 211 2040 1339 2127; baseline 0.003 -22"><span class='ocrx_word' id='word_1_140' title='bbox 211 2040 273 2106; x_wconf 92' lang='lat' dir='ltr'><strong>bus</strong></span> <span class='ocrx_word' id='word_1_141' title='bbox 288 2043 388 2106; x_wconf 87' lang='lat' dir='ltr'><strong>eoiam</strong></span> <span class='ocrx_word' id='word_1_142' title='bbox 408 2045 498 2127; x_wconf 85' lang='lat' dir='ltr'><strong>regui</strong></span> <span class='ocrx_word' id='word_1_143' title='bbox 519 2043 632 2108; x_wconf 79' lang='lat' dir='ltr'><strong>nostri⁸</strong></span> <span class='ocrx_word' id='word_1_144' title='bbox 646 2053 751 2109; x_wconf 88' lang='lat' dir='ltr'><strong>ortum</strong></span> <span class='ocrx_word' id='word_1_145' title='bbox 772 2045 952 2122; x_wconf 87' lang='lat' dir='ltr'><strong>habentem,</strong></span> <span class='ocrx_word' id='word_1_146' title='bbox 966 2045 1001 2108; x_wconf 93' lang='lat' dir='ltr'><strong>in</strong></span> <span class='ocrx_word' id='word_1_147' title='bbox 1015 2050 1160 2109; x_wconf 92' lang='lat' dir='ltr'><strong>nostrum</strong></span> <span class='ocrx_word' id='word_1_148' title='bbox 1181 2043 1339 2108; x_wconf 86' lang='lat' dir='ltr'><strong>auxilium</strong></span> 
     </span>
     <span class='ocr_line' id='line_1_19' title="bbox 212 2127 1339 2214; baseline 0.004 -24"><span class='ocrx_word' id='word_1_149' title='bbox 212 2127 398 2193; x_wconf 86' lang='lat' dir='ltr'><strong>invocamus</strong></span> <span class='ocrx_word' id='word_1_150' title='bbox 420 2136 454 2194; x_wconf 90' lang='lat' dir='ltr'><strong>et</strong></span> <span class='ocrx_word' id='word_1_151' title='bbox 463 2131 625 2213; x_wconf 75' lang='lat' dir='ltr'><strong>juvamen,</strong></span> <span class='ocrx_word' id='word_1_152' title='bbox 669 2131 722 2207; x_wconf 85' lang='lat' dir='ltr'><strong>Et,</strong></span> <span class='ocrx_word' id='word_1_153' title='bbox 736 2150 811 2194; x_wconf 91' lang='lat' dir='ltr'><strong>oum</strong></span> <span class='ocrx_word' id='word_1_154' title='bbox 820 2131 887 2214; x_wconf 89' lang='lat' dir='ltr'><strong>juri</strong></span> <span class='ocrx_word' id='word_1_155' title='bbox 900 2150 959 2194; x_wconf 91' lang='lat' dir='ltr'><strong>suo</strong></span> <span class='ocrx_word' id='word_1_156' title='bbox 970 2131 1154 2196; x_wconf 86' lang='lat' dir='ltr'><strong>renunciare</strong></span> <span class='ocrx_word' id='word_1_157' title='bbox 1164 2131 1339 2213; x_wconf 90' lang='lat' dir='ltr'><strong>unicuique</strong></span> 
     </span>
     <span class='ocr_line' id='line_1_20' title="bbox 211 2213 1338 2300; baseline 0.003 -23"><span class='ocrx_word' id='word_1_158' title='bbox 211 2213 348 2278; x_wconf 85' lang='lat' dir='ltr'><strong>liberum</strong></span> <span class='ocrx_word' id='word_1_159' title='bbox 362 2215 405 2279; x_wconf 91' lang='lat' dir='ltr'><strong>sit</strong></span> <span class='ocrx_word' id='word_1_160' title='bbox 419 2223 451 2279; x_wconf 87' lang='lat' dir='ltr'><strong>et</strong></span> <span class='ocrx_word' id='word_1_161' title='bbox 465 2217 500 2280; x_wconf 91' lang='lat' dir='ltr'><strong>in</strong></span> <span class='ocrx_word' id='word_1_162' title='bbox 511 2216 611 2280; x_wconf 89' lang='lat' dir='ltr'><strong>alium</strong></span> <span class='ocrx_word' id='word_1_163' title='bbox 625 2215 814 2294; x_wconf 68' lang='lat' dir='ltr'><strong>transferre,o</strong></span> <span class='ocrx_word' id='word_1_164' title='bbox 824 2224 929 2281; x_wconf 90' lang='lat' dir='ltr'><strong>totum</strong></span> <span class='ocrx_word' id='word_1_165' title='bbox 941 2217 994 2300; x_wconf 91' lang='lat' dir='ltr'><strong>jus</strong></span> <span class='ocrx_word' id='word_1_166' title='bbox 1009 2216 1188 2293; x_wconf 84' lang='lat' dir='ltr'><strong>nosuum‚¹⁰</strong></span> <span class='ocrx_word' id='word_1_167' title='bbox 1197 2216 1283 2299; x_wconf 89' lang='lat' dir='ltr'><strong>quod</strong></span> <span class='ocrx_word' id='word_1_168' title='bbox 1297 2215 1338 2280; x_wconf 92' lang='lat' dir='ltr'><strong>ad</strong></span> 
     </span>
     <span class='ocr_line' id='line_1_21' title="bbox 211 2301 1338 2387; baseline 0.003 -24"><span class='ocrx_word' id='word_1_169' title='bbox 211 2320 270 2364; x_wconf 90' lang='lat' dir='ltr'><strong>nos</strong></span> <span class='ocrx_word' id='word_1_170' title='bbox 284 2305 438 2385; x_wconf 86' lang='lat' dir='ltr'><strong>tanquam</strong></span> <span class='ocrx_word' id='word_1_171' title='bbox 453 2303 493 2366; x_wconf 89' lang='lat' dir='ltr'><strong>ad</strong></span> <span class='ocrx_word' id='word_1_172' title='bbox 502 2303 606 2387; x_wconf 89' lang='lat' dir='ltr'><strong>ipsius</strong></span> <span class='ocrx_word' id='word_1_173' title='bbox 620 2323 710 2367; x_wconf 87' lang='lat' dir='ltr'><strong>veros</strong></span> <span class='ocrx_word' id='word_1_174' title='bbox 724 2303 856 2368; x_wconf 90' lang='lat' dir='ltr'><strong>heredes</strong></span> <span class='ocrx_word' id='word_1_175' title='bbox 870 2303 1028 2387; x_wconf 87' lang='lat' dir='ltr'><strong>pertinere</strong></span> <span class='ocrx_word' id='word_1_176' title='bbox 1039 2303 1222 2380; x_wconf 86' lang='lat' dir='ltr'><strong>dinoscitur,</strong></span> <span class='ocrx_word' id='word_1_177' title='bbox 1234 2301 1338 2366; x_wconf 89' lang='lat' dir='ltr'><strong>eidem</strong></span> 
     </span>
     <span class='ocr_line' id='line_1_22' title="bbox 214 2386 1338 2474; baseline 0.004 -25"><span class='ocrx_word' id='word_1_178' title='bbox 214 2386 372 2451; x_wconf 82' lang='lat' dir='ltr'><strong>Eduardo</strong></span> <span class='ocrx_word' id='word_1_179' title='bbox 386 2387 426 2451; x_wconf 92' lang='lat' dir='ltr'><strong>de</strong></span> <span class='ocrx_word' id='word_1_180' title='bbox 442 2389 533 2453; x_wconf 90' lang='lat' dir='ltr'><strong>Brois</strong></span> <span class='ocrx_word' id='word_1_181' title='bbox 546 2389 691 2454; x_wconf 86' lang='lat' dir='ltr'><strong>dedimus</strong></span> <span class='ocrx_word' id='word_1_182' title='bbox 700 2395 733 2454; x_wconf 86' lang='lat' dir='ltr'><strong>et</strong></span> <span class='ocrx_word' id='word_1_183' title='bbox 747 2389 961 2454; x_wconf 88' lang='lat' dir='ltr'><strong>concessimus</strong></span> <span class='ocrx_word' id='word_1_184' title='bbox 976 2409 1032 2474; x_wconf 90' lang='lat' dir='ltr'><strong>per</strong></span> <span class='ocrx_word' id='word_1_185' title='bbox 1050 2389 1160 2453; x_wconf 91' lang='lat' dir='ltr'><strong>literas</strong></span> <span class='ocrx_word' id='word_1_186' title='bbox 1182 2395 1338 2472; x_wconf 88' lang='lat' dir='ltr'><strong>patentes;</strong></span> 
     </span>
     <span class='ocr_line' id='line_1_23' title="bbox 211 2467 1338 2560; baseline 0.003 -23"><span class='ocrx_word' id='word_1_187' title='bbox 211 2473 291 2537; x_wconf 87' lang='lat' dir='ltr'><strong>etad</strong></span> <span class='ocrx_word' id='word_1_188' title='bbox 308 2474 489 2538; x_wconf 81' lang='lat' dir='ltr'><strong>faciendum</strong></span> <span class='ocrx_word' id='word_1_189' title='bbox 503 2476 607 2540; x_wconf 91' lang='lat' dir='ltr'><strong>iuhibi</strong></span> <span class='ocrx_word' id='word_1_190' title='bbox 618 2467 778 2559; x_wconf 83' lang='lat' dir='ltr'><strong>ju&#39;dioium</strong></span> <span class='ocrx_word' id='word_1_191' title='bbox 792 2481 826 2540; x_wconf 89' lang='lat' dir='ltr'><strong>et</strong></span> <span class='ocrx_word' id='word_1_192' title='bbox 837 2476 1000 2559; x_wconf 86' lang='lat' dir='ltr'><strong>justiciam</strong></span> <span class='ocrx_word' id='word_1_193' title='bbox 1011 2482 1044 2540; x_wconf 92' lang='lat' dir='ltr'><strong>et</strong></span> <span class='ocrx_word' id='word_1_194' title='bbox 1055 2475 1247 2560; x_wconf 73' lang='lat' dir='ltr'><strong>equitatem,</strong></span> <span class='ocrx_word' id='word_1_195' title='bbox 1258 2497 1338 2560; x_wconf 73' lang='lat' dir='ltr'><strong>qua,</strong></span> 
     </span>
     <span class='ocr_line' id='line_1_24' title="bbox 211 2560 1338 2646; baseline 0.002 -22"><span class='ocrx_word' id='word_1_196' title='bbox 211 2579 252 2624; x_wconf 85' lang='lat' dir='ltr'><strong>ex</strong></span> <span class='ocrx_word' id='word_1_197' title='bbox 263 2560 388 2624; x_wconf 85' lang='lat' dir='ltr'><strong>defectu</strong></span> <span class='ocrx_word' id='word_1_198' title='bbox 398 2561 560 2646; x_wconf 88' lang='lat' dir='ltr'><strong>principis,</strong></span> <span class='ocrx_word' id='word_1_199' title='bbox 571 2562 690 2628; x_wconf 89' lang='lat' dir='ltr'><strong>ibidem</strong></span> <span class='ocrx_word' id='word_1_200' title='bbox 701 2563 829 2646; x_wconf 88' lang='lat' dir='ltr'><strong>penitus</strong></span> <span class='ocrx_word' id='word_1_201' title='bbox 840 2562 1041 2641; x_wconf 80' lang='lat' dir='ltr'><strong>daiecenmt3</strong></span> <span class='ocrx_word' id='word_1_202' title='bbox 1055 2562 1225 2646; x_wconf 89' lang='lat' dir='ltr'><strong>ipsumque</strong></span> <span class='ocrx_word' id='word_1_203' title='bbox 1233 2582 1338 2646; x_wconf 83' lang='lat' dir='ltr'><strong>regem</strong></span> 
     </span>
     <span class='ocr_line' id='line_1_25' title="bbox 211 2646 1338 2733; baseline 0.003 -23"><span class='ocrx_word' id='word_1_204' title='bbox 211 2667 248 2710; x_wconf 87' lang='lat' dir='ltr'><strong>aa</strong></span> <span class='ocrx_word' id='word_1_205' title='bbox 257 2646 422 2711; x_wconf 90' lang='lat' dir='ltr'><strong>dominum</strong></span> <span class='ocrx_word' id='word_1_206' title='bbox 437 2655 581 2713; x_wconf 89' lang='lat' dir='ltr'><strong>nostrum</strong></span> <span class='ocrx_word' id='word_1_207' title='bbox 595 2649 789 2733; x_wconf 88' lang='lat' dir='ltr'><strong>superiorem</strong></span> <span class='ocrx_word' id='word_1_208' title='bbox 803 2649 1027 2714; x_wconf 88' lang='lat' dir='ltr'><strong>constituimus</strong></span> <span class='ocrx_word' id='word_1_209' title='bbox 1042 2654 1076 2712; x_wconf 90' lang='lat' dir='ltr'><strong>at</strong></span> <span class='ocrx_word' id='word_1_210' title='bbox 1089 2649 1287 2733; x_wconf 69' lang='lat' dir='ltr'><strong>prefecimus</strong></span> <span class='ocrx_word' id='word_1_211' title='bbox 1302 2650 1338 2713; x_wconf 91' lang='lat' dir='ltr'><strong>in</strong></span> 
     </span>
     <span class='ocr_line' id='line_1_26' title="bbox 209 2735 1337 2819; baseline 0.003 -23"><span class='ocrx_word' id='word_1_212' title='bbox 209 2752 306 2818; x_wconf 85' lang='lat' dir='ltr'><strong>regno</strong></span> <span class='ocrx_word' id='word_1_213' title='bbox 317 2739 424 2798; x_wconf 91' lang='lat' dir='ltr'><strong>nostro</strong></span> <span class='ocrx_word' id='word_1_214' title='bbox 434 2735 628 2800; x_wconf 88' lang='lat' dir='ltr'><strong>unanimiter</strong></span> <span class='ocrx_word' id='word_1_215' title='bbox 638 2735 832 2819; x_wconf 91' lang='lat' dir='ltr'><strong>supradicto:</strong></span> <span class='ocrx_word' id='word_1_216' title='bbox 846 2735 910 2819; x_wconf 87' lang='lat' dir='ltr'><strong>qui,</strong></span> <span class='ocrx_word' id='word_1_217' title='bbox 920 2742 1028 2799; x_wconf 86' lang='lat' dir='ltr'><strong>nostro</strong></span> <span class='ocrx_word' id='word_1_218' title='bbox 1036 2755 1074 2799; x_wconf 88' lang='lat' dir='ltr'><strong>ec</strong></span> <span class='ocrx_word' id='word_1_219' title='bbox 1083 2735 1227 2799; x_wconf 91' lang='lat' dir='ltr'><strong>omnium</strong></span> <span class='ocrx_word' id='word_1_220' title='bbox 1235 2735 1337 2799; x_wconf 92' lang='lat' dir='ltr'><strong>homi-</strong></span> 
     </span>
     <span class='ocr_line' id='line_1_27' title="bbox 209 2820 1337 2906; baseline 0.003 -23"><span class='ocrx_word' id='word_1_221' title='bbox 209 2839 289 2883; x_wconf 91' lang='lat' dir='ltr'><strong>num</strong></span> <span class='ocrx_word' id='word_1_222' title='bbox 299 2820 431 2904; x_wconf 87' lang='lat' dir='ltr'><strong>judicio,</strong></span> <span class='ocrx_word' id='word_1_223' title='bbox 446 2829 495 2886; x_wconf 90' lang='lat' dir='ltr'><strong>est</strong></span> <span class='ocrx_word' id='word_1_224' title='bbox 505 2821 555 2886; x_wconf 84' lang='lat' dir='ltr'><strong>vir</strong></span> <span class='ocrx_word' id='word_1_225' title='bbox 568 2822 651 2906; x_wconf 90' lang='lat' dir='ltr'><strong>pius,</strong></span> <span class='ocrx_word' id='word_1_226' title='bbox 664 2823 812 2906; x_wconf 86' lang='lat' dir='ltr'><strong>prudens,</strong></span> <span class='ocrx_word' id='word_1_227' title='bbox 827 2821 959 2886; x_wconf 90' lang='lat' dir='ltr'><strong>humilis</strong></span> <span class='ocrx_word' id='word_1_228' title='bbox 978 2827 1011 2886; x_wconf 89' lang='lat' dir='ltr'><strong>et</strong></span> <span class='ocrx_word' id='word_1_229' title='bbox 1033 2821 1179 2906; x_wconf 76' lang='lat' dir='ltr'><strong>pudicus,</strong></span> <span class='ocrx_word' id='word_1_230' title='bbox 1197 2821 1337 2886; x_wconf 91' lang='lat' dir='ltr'><strong>multum</strong></span> 
     </span>
     <span class='ocr_line' id='line_1_28' title="bbox 210 2905 1338 2994; baseline 0.004 -24"><span class='ocrx_word' id='word_1_231' title='bbox 210 2906 343 2984; x_wconf 87' lang='lat' dir='ltr'><strong>sobrius,</strong></span> <span class='ocrx_word' id='word_1_232' title='bbox 351 2907 386 2972; x_wconf 90' lang='lat' dir='ltr'><strong>iu</strong></span> <span class='ocrx_word' id='word_1_233' title='bbox 395 2908 544 2973; x_wconf 91' lang='lat' dir='ltr'><strong>omnibus</strong></span> <span class='ocrx_word' id='word_1_234' title='bbox 553 2909 746 2994; x_wconf 89' lang='lat' dir='ltr'><strong>compositus</strong></span> <span class='ocrx_word' id='word_1_235' title='bbox 758 2915 791 2974; x_wconf 88' lang='lat' dir='ltr'><strong>et</strong></span> <span class='ocrx_word' id='word_1_236' title='bbox 801 2909 971 2986; x_wconf 88' lang='lat' dir='ltr'><strong>modestus,</strong></span> <span class='ocrx_word' id='word_1_237' title='bbox 980 2905 1154 2993; x_wconf 81' lang='lat' dir='ltr'><strong>et¹²potens</strong></span> <span class='ocrx_word' id='word_1_238' title='bbox 1163 2908 1338 2986; x_wconf 89' lang='lat' dir='ltr'><strong>viribus,-</strong></span> 
     </span>
     <span class='ocr_line' id='line_1_29' title="bbox 208 2991 1337 3079; baseline 0.003 -23"><span class='ocrx_word' id='word_1_239' title='bbox 208 2991 357 3058; x_wconf 86' lang='lat' dir='ltr'><strong>laudetur</strong></span> <span class='ocrx_word' id='word_1_240' title='bbox 378 2994 658 3072; x_wconf 79' lang='lat' dir='ltr'><strong>Altissimus,-de</strong></span> <span class='ocrx_word' id='word_1_241' title='bbox 673 2995 836 3062; x_wconf 88' lang='lat' dir='ltr'><strong>servitutis</strong></span> <span class='ocrx_word' id='word_1_242' title='bbox 858 2995 1057 3079; x_wconf 83' lang='lat' dir='ltr'><strong>subJ‘accions</strong></span> <span class='ocrx_word' id='word_1_243' title='bbox 1077 3014 1135 3058; x_wconf 90' lang='lat' dir='ltr'><strong>nos</strong></span> <span class='ocrx_word' id='word_1_244' title='bbox 1149 2994 1283 3060; x_wconf 88' lang='lat' dir='ltr'><strong>liberare</strong></span> <span class='ocrx_word' id='word_1_245' title='bbox 1304 2999 1337 3059; x_wconf 89' lang='lat' dir='ltr'><strong>et</strong></span> 
     </span>
     <span class='ocr_line' id='line_1_30' title="bbox 209 3080 1336 3166; baseline 0.003 -23"><span class='ocrx_word' id='word_1_246' title='bbox 209 3081 336 3164; x_wconf 87' lang='lat' dir='ltr'><strong>eripere,</strong></span> <span class='ocrx_word' id='word_1_247' title='bbox 359 3081 467 3145; x_wconf 86' lang='lat' dir='ltr'><strong>divino</strong></span> <span class='ocrx_word' id='word_1_248' title='bbox 489 3082 611 3146; x_wconf 86' lang='lat' dir='ltr'><strong>auxilio</strong></span> <span class='ocrx_word' id='word_1_249' title='bbox 633 3081 695 3147; x_wconf 77' lang='lat' dir='ltr'><strong>ac¹²</strong></span> <span class='ocrx_word' id='word_1_250' title='bbox 716 3089 822 3158; x_wconf 81' lang='lat' dir='ltr'><strong>vestra</strong></span> <span class='ocrx_word' id='word_1_251' title='bbox 841 3081 972 3166; x_wconf 88' lang='lat' dir='ltr'><strong>justicia</strong></span> <span class='ocrx_word' id='word_1_252' title='bbox 994 3081 1164 3159; x_wconf 87' lang='lat' dir='ltr'><strong>mediante,</strong></span> <span class='ocrx_word' id='word_1_253' title='bbox 1189 3088 1223 3146; x_wconf 90' lang='lat' dir='ltr'><strong>et</strong></span> <span class='ocrx_word' id='word_1_254' title='bbox 1242 3080 1336 3146; x_wconf 85' lang='lat' dir='ltr'><strong>valde</strong></span> 
     </span>
     <span class='ocr_line' id='line_1_31' title="bbox 208 3165 1336 3252; baseline 0.003 -24"><span class='ocrx_word' id='word_1_255' title='bbox 208 3165 312 3231; x_wconf 88' lang='lat' dir='ltr'><strong>libens</strong></span> <span class='ocrx_word' id='word_1_256' title='bbox 326 3173 360 3231; x_wconf 91' lang='lat' dir='ltr'><strong>et</strong></span> <span class='ocrx_word' id='word_1_257' title='bbox 373 3167 546 3233; x_wconf 86' lang='lat' dir='ltr'><strong>benevolus</strong></span> <span class='ocrx_word' id='word_1_258' title='bbox 560 3169 734 3252; x_wconf 87' lang='lat' dir='ltr'><strong>unicuique</strong></span> <span class='ocrx_word' id='word_1_259' title='bbox 755 3169 884 3234; x_wconf 90' lang='lat' dir='ltr'><strong>reddere</strong></span> <span class='ocrx_word' id='word_1_260' title='bbox 899 3168 984 3251; x_wconf 92' lang='lat' dir='ltr'><strong>quod</strong></span> <span class='ocrx_word' id='word_1_261' title='bbox 1003 3188 1098 3232; x_wconf 90' lang='lat' dir='ltr'><strong>suum</strong></span> <span class='ocrx_word' id='word_1_262' title='bbox 1120 3173 1178 3244; x_wconf 88' lang='lat' dir='ltr'><strong>est,</strong></span> <span class='ocrx_word' id='word_1_263' title='bbox 1196 3173 1229 3232; x_wconf 86' lang='lat' dir='ltr'><strong>et</strong></span> <span class='ocrx_word' id='word_1_264' title='bbox 1251 3168 1336 3251; x_wconf 88' lang='lat' dir='ltr'><strong>quod</strong></span> 
     </span>
     <span class='ocr_line' id='line_1_32' title="bbox 210 3251 1336 3338; baseline 0.003 -23"><span class='ocrx_word' id='word_1_265' title='bbox 210 3251 250 3316; x_wconf 87' lang='lat' dir='ltr'><strong>da</strong></span> <span class='ocrx_word' id='word_1_266' title='bbox 262 3253 333 3334; x_wconf 88' lang='lat' dir='ltr'><strong>jure</strong></span> <span class='ocrx_word' id='word_1_267' title='bbox 348 3254 378 3317; x_wconf 91' lang='lat' dir='ltr'><strong>ei</strong></span> <span class='ocrx_word' id='word_1_268' title='bbox 392 3254 548 3338; x_wconf 87' lang='lat' dir='ltr'><strong>pertinere</strong></span> <span class='ocrx_word' id='word_1_269' title='bbox 563 3255 756 3336; x_wconf 82' lang='lat' dir='ltr'><strong>dinoscitur3</strong></span> <span class='ocrx_word' id='word_1_270' title='bbox 771 3261 804 3320; x_wconf 88' lang='lat' dir='ltr'><strong>et</strong></span> <span class='ocrx_word' id='word_1_271' title='bbox 817 3254 910 3319; x_wconf 78' lang='lat' dir='ltr'><strong>haec¹⁸</strong></span> <span class='ocrx_word' id='word_1_272' title='bbox 921 3255 1058 3320; x_wconf 87' lang='lat' dir='ltr'><strong>maxime</strong></span> <span class='ocrx_word' id='word_1_273' title='bbox 1069 3255 1210 3320; x_wconf 75' lang='lat' dir='ltr'><strong>ecclesie</strong></span> <span class='ocrx_word' id='word_1_274' title='bbox 1219 3254 1336 3318; x_wconf 67' lang='lat' dir='ltr'><strong>Hiber</strong></span> 
     </span>
     <span class='ocr_line' id='line_1_33' title="bbox 209 3333 1336 3425; baseline 0.004 -25"><span class='ocrx_word' id='word_1_275' title='bbox 209 3337 315 3402; x_wconf 82' lang='lat' dir='ltr'><strong>nicae¹⁴</strong></span> <span class='ocrx_word' id='word_1_276' title='bbox 333 3339 406 3422; x_wconf 82' lang='lat' dir='ltr'><strong>jma</strong></span> <span class='ocrx_word' id='word_1_277' title='bbox 427 3345 461 3405; x_wconf 89' lang='lat' dir='ltr'><strong>et</strong></span> <span class='ocrx_word' id='word_1_278' title='bbox 481 3342 695 3425; x_wconf 88' lang='lat' dir='ltr'><strong>possessiones</strong></span> <span class='ocrx_word' id='word_1_279' title='bbox 717 3361 791 3406; x_wconf 88' lang='lat' dir='ltr'><strong>suas</strong></span> <span class='ocrx_word' id='word_1_280' title='bbox 810 3342 948 3418; x_wconf 79' lang='lat' dir='ltr'><strong>reddam,</strong></span> <span class='ocrx_word' id='word_1_281' title='bbox 966 3361 1002 3405; x_wconf 89' lang='lat' dir='ltr'><strong>ao</strong></span> <span class='ocrx_word' id='word_1_282' title='bbox 1023 3340 1165 3406; x_wconf 84' lang='lat' dir='ltr'><strong>libertati</strong></span> <span class='ocrx_word' id='word_1_283' title='bbox 1186 3333 1336 3425; x_wconf 81' lang='lat' dir='ltr'><strong>prestinae</strong></span> 
     </span>
     <span class='ocr_line' id='line_1_34' title="bbox 210 3424 1335 3512; baseline 0.004 -26"><span class='ocrx_word' id='word_1_284' title='bbox 210 3424 384 3501; x_wconf 88' lang='lat' dir='ltr'><strong>restituere,</strong></span> <span class='ocrx_word' id='word_1_285' title='bbox 406 3425 522 3510; x_wconf 89' lang='lat' dir='ltr'><strong>quibus</strong></span> <span class='ocrx_word' id='word_1_286' title='bbox 548 3427 793 3512; x_wconf 85' lang='lat' dir='ltr'><strong>dampnabiliter</strong></span> <span class='ocrx_word' id='word_1_287' title='bbox 814 3427 918 3492; x_wconf 87' lang='lat' dir='ltr'><strong>iuerat</strong></span> <span class='ocrx_word' id='word_1_288' title='bbox 939 3427 1018 3492; x_wconf 90' lang='lat' dir='ltr'><strong>alias</strong></span> <span class='ocrx_word' id='word_1_289' title='bbox 1041 3427 1185 3512; x_wconf 90' lang='lat' dir='ltr'><strong>spoliata,</strong></span> <span class='ocrx_word' id='word_1_290' title='bbox 1206 3427 1335 3491; x_wconf 90' lang='lat' dir='ltr'><strong>omnino</strong></span> 
     </span>
     <span class='ocr_line' id='line_1_35' title="bbox 210 3512 1337 3598; baseline 0.004 -25"><span class='ocrx_word' id='word_1_291' title='bbox 210 3514 259 3573; x_wconf 89' lang='lat' dir='ltr'><strong>est</strong></span> <span class='ocrx_word' id='word_1_292' title='bbox 286 3517 425 3594; x_wconf 73' lang='lat' dir='ltr'><strong>paratim,</strong></span> <span class='ocrx_word' id='word_1_293' title='bbox 454 3531 490 3576; x_wconf 92' lang='lat' dir='ltr'><strong>ac</strong></span> <span class='ocrx_word' id='word_1_294' title='bbox 519 3512 684 3578; x_wconf 88' lang='lat' dir='ltr'><strong>libertates</strong></span> <span class='ocrx_word' id='word_1_295' title='bbox 708 3515 843 3598; x_wconf 88' lang='lat' dir='ltr'><strong>majores</strong></span> <span class='ocrx_word' id='word_1_296' title='bbox 869 3513 973 3578; x_wconf 91' lang='lat' dir='ltr'><strong>eidem</strong></span> <span class='ocrx_word' id='word_1_297' title='bbox 1002 3513 1171 3578; x_wconf 86' lang='lat' dir='ltr'><strong>concedere</strong></span> <span class='ocrx_word' id='word_1_298' title='bbox 1196 3513 1337 3578; x_wconf 89' lang='lat' dir='ltr'><strong>intendit</strong></span> 
     </span>
     <span class='ocr_line' id='line_1_36' title="bbox 210 3597 1352 3683; baseline 0.004 -23"><span class='ocrx_word' id='word_1_299' title='bbox 210 3616 307 3680; x_wconf 90' lang='lat' dir='ltr'><strong>quam</strong></span> <span class='ocrx_word' id='word_1_300' title='bbox 329 3597 408 3662; x_wconf 87' lang='lat' dir='ltr'><strong>alias</strong></span> <span class='ocrx_word' id='word_1_301' title='bbox 429 3597 546 3663; x_wconf 89' lang='lat' dir='ltr'><strong>habers</strong></span> <span class='ocrx_word' id='word_1_302' title='bbox 560 3601 734 3664; x_wconf 89' lang='lat' dir='ltr'><strong>consuevit.</strong></span> <span class='ocrx_word' id='word_1_303' title='bbox 778 3599 908 3664; x_wconf 84' lang='lat' dir='ltr'><strong>Placeat</strong></span> <span class='ocrx_word' id='word_1_304' title='bbox 921 3599 1021 3683; x_wconf 82' lang='lat' dir='ltr'><strong>igitur</strong></span> <span class='ocrx_word' id='word_1_305' title='bbox 1035 3600 1199 3665; x_wconf 86' lang='lat' dir='ltr'><strong>sanctitati</strong></span> <span class='ocrx_word' id='word_1_306' title='bbox 1212 3603 1352 3678; x_wconf 57' lang='lat' dir='ltr'><strong>vestras</strong></span> 
     </span>
     <span class='ocr_line' id='line_1_37' title="bbox 205 3683 1335 3770; baseline 0.004 -24"><span class='ocrx_word' id='word_1_307' title='bbox 205 3683 346 3766; x_wconf 76' lang='lat' dir='ltr'><strong>justicias</strong></span> <span class='ocrx_word' id='word_1_308' title='bbox 360 3705 396 3750; x_wconf 89' lang='lat' dir='ltr'><strong>ao</strong></span> <span class='ocrx_word' id='word_1_309' title='bbox 411 3685 499 3769; x_wconf 89' lang='lat' dir='ltr'><strong>pacis</strong></span> <span class='ocrx_word' id='word_1_310' title='bbox 514 3685 692 3750; x_wconf 88' lang='lat' dir='ltr'><strong>communis</strong></span> <span class='ocrx_word' id='word_1_311' title='bbox 706 3685 836 3762; x_wconf 89' lang='lat' dir='ltr'><strong>intuitu,</strong></span> <span class='ocrx_word' id='word_1_312' title='bbox 850 3684 971 3750; x_wconf 86' lang='lat' dir='ltr'><strong>factum</strong></span> <span class='ocrx_word' id='word_1_313' title='bbox 992 3693 1137 3751; x_wconf 87' lang='lat' dir='ltr'><strong>nostrum</strong></span> <span class='ocrx_word' id='word_1_314' title='bbox 1160 3685 1280 3770; x_wconf 76' lang='lat' dir='ltr'><strong>quem¹⁶</strong></span> <span class='ocrx_word' id='word_1_315' title='bbox 1294 3685 1335 3750; x_wconf 91' lang='lat' dir='ltr'><strong>ad</strong></span> 
     </span>
     <span class='ocr_line' id='line_1_38' title="bbox 209 3769 1337 3858; baseline 0.003 -25"><span class='ocrx_word' id='word_1_316' title='bbox 209 3769 331 3835; x_wconf 87' lang='lat' dir='ltr'><strong>dietum</strong></span> <span class='ocrx_word' id='word_1_317' title='bbox 346 3770 512 3836; x_wconf 91' lang='lat' dir='ltr'><strong>dominum</strong></span> <span class='ocrx_word' id='word_1_318' title='bbox 532 3771 726 3836; x_wconf 84' lang='lat' dir='ltr'><strong>Edwardum</strong></span> <span class='ocrx_word' id='word_1_319' title='bbox 747 3771 990 3837; x_wconf 85' lang='lat' dir='ltr'><strong>misericorditer</strong></span> <span class='ocrx_word' id='word_1_320' title='bbox 1012 3778 1045 3838; x_wconf 92' lang='lat' dir='ltr'><strong>et</strong></span> <span class='ocrx_word' id='word_1_321' title='bbox 1066 3773 1202 3858; x_wconf 79' lang='lat' dir='ltr'><strong>benigne</strong></span> <span class='ocrx_word' id='word_1_322' title='bbox 1224 3792 1337 3856; x_wconf 89' lang='lat' dir='ltr'><strong>appro-</strong></span> 
     </span>
    </p>
   </div>
   <div class='ocr_carea' id='block_1_6' title="bbox 242 3981 1326 4546">
    <p class='ocr_par' dir='ltr' id='par_1_6' title="bbox 255 3981 1217 4048">
     <span class='ocr_line' id='line_1_39' title="bbox 255 3981 1217 4048; baseline 0.002 -14"><span class='ocrx_word' id='word_1_323' title='bbox 255 3981 462 4048; x_wconf 0' lang='lat' dir='ltr'><strong>¹ Altersdsrom</strong></span> <span class='ocrx_word' id='word_1_324' title='bbox 473 3983 664 4036; x_wconf 81' lang='lat' dir='ltr'><strong>vindicandam.</strong></span> <span class='ocrx_word' id='word_1_325' title='bbox 704 3983 731 4036; x_wconf 82' lang='lat'><strong>0.</strong></span> <span class='ocrx_word' id='word_1_326' title='bbox 745 3983 775 4036; x_wconf 81' lang='grc' dir='ltr'><strong>Ε.</strong></span> <span class='ocrx_word' id='word_1_327' title='bbox 791 3983 940 4036; x_wconf 80' lang='lat' dir='ltr'><strong>vindictam.</strong></span> <span class='ocrx_word' id='word_1_328' title='bbox 977 3985 1009 4038; x_wconf 85' lang='grc' dir='ltr'><strong>Ι).</strong></span> <span class='ocrx_word' id='word_1_329' title='bbox 1024 3985 1217 4038; x_wconf 79' lang='lat' dir='ltr'><strong>vindicandam.</strong></span> 
     </span>
    </p>

    <p class='ocr_par' dir='ltr' id='par_1_7' title="bbox 255 4051 897 4119">
     <span class='ocr_line' id='line_1_40' title="bbox 255 4051 897 4119; baseline 0.003 -14"><span class='ocrx_word' id='word_1_330' title='bbox 255 4051 306 4106; x_wconf 80' lang='lat'><strong>²0.</strong></span> <span class='ocrx_word' id='word_1_331' title='bbox 320 4055 350 4106; x_wconf 84' lang='lat' dir='ltr'><strong>E.</strong></span> <span class='ocrx_word' id='word_1_332' title='bbox 364 4055 479 4106; x_wconf 87' lang='lat' dir='ltr'><strong>uicisset.</strong></span> <span class='ocrx_word' id='word_1_333' title='bbox 515 4055 548 4107; x_wconf 90' lang='lat' dir='ltr'><strong>D.</strong></span> <span class='ocrx_word' id='word_1_334' title='bbox 562 4055 738 4119; x_wconf 64' lang='lat' dir='ltr'><strong>ctnsdsrom</strong></span> <span class='ocrx_word' id='word_1_335' title='bbox 750 4055 897 4107; x_wconf 75' lang='lat' dir='ltr'><strong>ulciscetur.</strong></span> 
     </span>
    </p>

    <p class='ocr_par' dir='ltr' id='par_1_8' title="bbox 254 4122 1242 4194">
     <span class='ocr_line' id='line_1_41' title="bbox 254 4122 1242 4194; baseline 0 -18"><span class='ocrx_word' id='word_1_336' title='bbox 254 4122 305 4176; x_wconf 83' lang='lat'><strong>³0.</strong></span> <span class='ocrx_word' id='word_1_337' title='bbox 318 4125 350 4175; x_wconf 81' lang='grc' dir='ltr'><strong>Ε.</strong></span> <span class='ocrx_word' id='word_1_338' title='bbox 364 4125 428 4191; x_wconf 72' lang='lat' dir='ltr'><strong>ipsa</strong></span> <span class='ocrx_word' id='word_1_339' title='bbox 674 4123 726 4178; x_wconf 81' lang='lat'><strong>⁴0.</strong></span> <span class='ocrx_word' id='word_1_340' title='bbox 740 4125 770 4178; x_wconf 79' lang='grc' dir='ltr'><strong>Ε.</strong></span> <span class='ocrx_word' id='word_1_341' title='bbox 784 4125 977 4194; x_wconf 82' lang='lat' dir='ltr'><strong>perimpugnat</strong></span> <span class='ocrx_word' id='word_1_342' title='bbox 1014 4127 1047 4177; x_wconf 87' lang='lat' dir='ltr'><strong>D.</strong></span> <span class='ocrx_word' id='word_1_343' title='bbox 1060 4125 1242 4192; x_wconf 79' lang='lat' dir='ltr'><strong>impungnant</strong></span> 
     </span>
    </p>

    <p class='ocr_par' dir='ltr' id='par_1_9' title="bbox 254 4192 1193 4263">
     <span class='ocr_line' id='line_1_42' title="bbox 254 4192 1193 4263; baseline -0.002 -15"><span class='ocrx_word' id='word_1_344' title='bbox 254 4192 307 4248; x_wconf 81' lang='lat'><strong>⁶0.</strong></span> <span class='ocrx_word' id='word_1_345' title='bbox 321 4195 352 4248; x_wconf 81' lang='grc' dir='ltr'><strong>Ε.</strong></span> <span class='ocrx_word' id='word_1_346' title='bbox 367 4195 497 4248; x_wconf 84' lang='lat' dir='ltr'><strong>molestat.</strong></span> <span class='ocrx_word' id='word_1_347' title='bbox 674 4193 726 4250; x_wconf 76' lang='lat' dir='ltr'><strong>⁸·(l.</strong></span> <span class='ocrx_word' id='word_1_348' title='bbox 740 4196 769 4247; x_wconf 72' lang='lat' dir='ltr'>R</span> <span class='ocrx_word' id='word_1_349' title='bbox 783 4213 836 4263; x_wconf 86' lang='lat' dir='ltr'><strong>per.</strong></span> <span class='ocrx_word' id='word_1_350' title='bbox 1017 4193 1068 4247; x_wconf 75' lang='lat'><strong>¹0.</strong></span> <span class='ocrx_word' id='word_1_351' title='bbox 1082 4195 1111 4248; x_wconf 73' lang='lat' dir='ltr'><strong>a</strong></span> <span class='ocrx_word' id='word_1_352' title='bbox 1125 4195 1193 4247; x_wconf 89' lang='lat' dir='ltr'><strong>inde.</strong></span> 
     </span>
    </p>

    <p class='ocr_par' dir='ltr' id='par_1_10' title="bbox 243 4261 1326 4390">
     <span class='ocr_line' id='line_1_43' title="bbox 254 4261 1326 4319; baseline 0.001 -2"><span class='ocrx_word' id='word_1_353' title='bbox 254 4261 306 4318; x_wconf 82' lang='lat'><strong>⁸0.</strong></span> <span class='ocrx_word' id='word_1_354' title='bbox 320 4265 351 4317; x_wconf 71' lang='lat' dir='ltr'><strong>lt</strong></span> <span class='ocrx_word' id='word_1_355' title='bbox 365 4267 420 4316; x_wconf 81' lang='lat' dir='ltr'><strong>odd</strong></span> <span class='ocrx_word' id='word_1_356' title='bbox 431 4265 571 4318; x_wconf 86' lang='lat' dir='ltr'><strong>nobilibus.</strong></span> <span class='ocrx_word' id='word_1_357' title='bbox 672 4262 727 4319; x_wconf 70' lang='grc' dir='ltr'><strong>ο1).</strong></span> <span class='ocrx_word' id='word_1_358' title='bbox 740 4266 884 4318; x_wconf 77' lang='lat' dir='ltr'><strong>transferri.</strong></span> <span class='ocrx_word' id='word_1_359' title='bbox 1007 4263 1030 4299; x_wconf 90' lang='lat'><strong>¹⁰</strong></span> <span class='ocrx_word' id='word_1_360' title='bbox 1041 4267 1069 4318; x_wconf 81' lang='grc' dir='ltr'><strong>Ο.</strong></span> <span class='ocrx_word' id='word_1_361' title='bbox 1083 4266 1113 4317; x_wconf 80' lang='grc' dir='ltr'><strong>Ε.</strong></span> <span class='ocrx_word' id='word_1_362' title='bbox 1127 4269 1189 4318; x_wconf 78' lang='lat' dir='ltr'><strong>matt</strong></span> <span class='ocrx_word' id='word_1_363' title='bbox 1199 4269 1326 4318; x_wconf 79' lang='lat' dir='ltr'><strong>nostrum.</strong></span> 
     </span>
     <span class='ocr_line' id='line_1_44' title="bbox 243 4332 1183 4390; baseline 0 -2"><span class='ocrx_word' id='word_1_364' title='bbox 243 4333 402 4388; x_wconf 56' lang='lat' dir='ltr'><strong>”abac</strong></span> <span class='ocrx_word' id='word_1_365' title='bbox 664 4332 807 4390; x_wconf 57' lang='lat' dir='ltr'><strong>stoma</strong></span> <span class='ocrx_word' id='word_1_366' title='bbox 1008 4334 1183 4389; x_wconf 60' lang='lat' dir='ltr'><strong>”euhoe</strong></span> 
     </span>
    </p>

    <p class='ocr_par' dir='ltr' id='par_1_11' title="bbox 243 4403 983 4473">
     <span class='ocr_line' id='line_1_45' title="bbox 243 4403 983 4473; baseline 0.004 -15"><span class='ocrx_word' id='word_1_367' title='bbox 243 4403 265 4440; x_wconf 82' lang='lat'><strong>¹⁴</strong></span> <span class='ocrx_word' id='word_1_368' title='bbox 277 4406 306 4458; x_wconf 83' lang='lat'><strong>0.</strong></span> <span class='ocrx_word' id='word_1_369' title='bbox 319 4407 349 4458; x_wconf 78' lang='grc' dir='ltr'><strong>Ε.</strong></span> <span class='ocrx_word' id='word_1_370' title='bbox 360 4407 542 4473; x_wconf 75' lang='lat' dir='ltr'><strong>Hyborniaoae.</strong></span> <span class='ocrx_word' id='word_1_371' title='bbox 578 4407 611 4457; x_wconf 85' lang='lat' dir='ltr'><strong>D.</strong></span> <span class='ocrx_word' id='word_1_372' title='bbox 625 4407 720 4460; x_wconf 62' lang='lat' dir='ltr'><strong>med</strong></span> <span class='ocrx_word' id='word_1_373' title='bbox 724 4406 799 4472; x_wconf 82' lang='lat' dir='ltr'><strong>from</strong></span> <span class='ocrx_word' id='word_1_374' title='bbox 811 4407 983 4461; x_wconf 79' lang='lat' dir='ltr'><strong>Hiberuiaoae.</strong></span> 
     </span>
    </p>

    <p class='ocr_par' dir='ltr' id='par_1_12' title="bbox 242 4474 641 4546">
     <span class='ocr_line' id='line_1_46' title="bbox 242 4474 641 4546; baseline 0.003 -17"><span class='ocrx_word' id='word_1_375' title='bbox 242 4474 306 4529; x_wconf 68' lang='lat' dir='ltr'><strong>1⁶ll.</strong></span> <span class='ocrx_word' id='word_1_376' title='bbox 319 4492 379 4544; x_wconf 89' lang='lat' dir='ltr'><strong>quo.</strong></span> <span class='ocrx_word' id='word_1_377' title='bbox 417 4478 446 4530; x_wconf 79' lang='lat'><strong>0.</strong></span> <span class='ocrx_word' id='word_1_378' title='bbox 460 4477 490 4546; x_wconf 45' lang='lat' dir='ltr'><strong>E!</strong></span> <span class='ocrx_word' id='word_1_379' title='bbox 504 4481 641 4546; x_wconf 82' lang='lat' dir='ltr'><strong>quantum.</strong></span> 
     </span>
    </p>
   </div>
   <div class='ocr_carea' id='block_1_7' title="bbox 0 0 1648 5112">
    <p class='ocr_par' dir='ltr' id='par_1_13' title="bbox 0 0 1648 5112">
     <span class='ocr_line' id='line_1_47' title="bbox 0 0 1648 5112; baseline 0 3"><span class='ocrx_word' id='word_1_380' title='bbox 0 0 1648 5112; x_wconf 95' lang='lat' dir='ltr'><strong> </strong></span> 
     </span>
    </p>
   </div>
  </div>
 </body>
</html>
