3254 5122
569 559 573 568 ·
635 533 731 584 ulans
746 532 876 584 SEXTUS.
1275 524 1313 584 21

189 687 281 777 apud
309 687 490 777 sepulcrum
515 687 637 756 Sancti¹
659 690 789 757 Thomae
817 687 940 770 incidit,
965 692 1167 776 peccatorum
1187 709 1318 756 snorum

192 780 362 864 poenitens,
376 783 409 844 et
422 798 534 862 pacem
555 778 722 846 humiliter
743 778 917 865 requirens.
961 779 1060 845 Mane
1081 776 1204 843 autam²
1224 779 1318 858 tacto,

192 865 376 930 willelmus
398 866 565 930 Scotorum
585 886 642 930 rex
664 870 785 950 captus,
799 864 850 942 ut⁸
871 865 1086 950 praemittitur,
1099 865 1141 930 ab
1162 861 1318 934 effusione

191 950 326 1016 humani
347 952 513 1037 sanguinis
535 952 647 1017 divina
667 953 856 1038 disponente
881 952 1053 1018 clemencia
1076 957 1224 1036 ereptus;
1250 969 1318 1020 nou

192 1037 333 1103 tantum⁴
353 1045 393 1104 ut
421 1037 511 1103 iliius
543 1038 891 1104 condecantemus
920 1045 953 1104 et
981 1037 1180 1123 inquietudo,
1201 1038 1258 1103 sed
1279 1043 1319 1104 ut

191 1125 293 1190 eciam
304 1125 472 1190 Gallorum
481 1125 688 1210 omniumque
697 1127 980 1190 transmarinarum
990 1126 1134 1210 parcium
1145 1145 1209 1209 pax
1219 1125 1318 1191 refor-

187 1211 354 1277 maretur.⁶
394 1212 511 1277 Statim
522 1218 597 1296 post
607 1212 791 1296 captionem
802 1212 888 1297 apud
896 1212 1170 1276 Richemonteum
1183 1229 1318 1277 moerore

191 1297 330 1378 ducitur,
343 1298 402 1364 ubi
416 1298 575 1363 auxilium
589 1298 693 1364 sancti
707 1297 837 1363 Thornia
850 1319 907 1382 pro
928 1319 966 1364 eo
980 1297 1097 1383 sapim
1112 1297 1319 1383 imploratum

190 1383 249 1468 qui
262 1384 299 1448 in
313 1384 458 1450 custodia
479 1385 521 1450 ad
540 1390 664 1450 certum
685 1393 813 1471 tempus
833 1385 956 1450 ibidem
976 1384 1150 1469 deputatur
1166 1388 1200 1450 et
1213 1405 1318 1455 reverr

192 1477 283 1536 enter
303 1475 516 1537 conservatur.
561 1473 736 1556 Postquam
750 1479 859 1536 autem
872 1472 940 1556 regi
954 1471 1081 1556 Angliae
1095 1471 1212 1536 seniori
1227 1471 1317 1536 Hen-

191 1559 257 1623 rico
265 1579 316 1623 res
329 1558 480 1635 innotuit,
492 1558 561 1642 ejus
575 1557 722 1642 imperio⁷
733 1558 774 1622 ad
787 1578 863 1624 eum
877 1555 1014 1634 ducitur,
1025 1562 1059 1624 ct
1067 1559 1178 1622 statim
1188 1557 1225 1620 in
1234 1557 1268 1622 N
1268 1577 1319 1621 or·

192 1644 356 1710 manniam
366 1643 605 1722 transmittitur,
616 1651 649 1710 ct
664 1647 699 1709 in
713 1651 799 1710 turra
810 1645 850 1710 de
861 1645 968 1709 Fallaz
978 1645 1165 1710 custoditur.
1208 1641 1318 1712 David

191 1729 304 1816 igitur³
316 1752 430 1809 comes,
444 1731 542 1795 frater
555 1733 625 1817 ejus
636 1732 753 1815 junior,
768 1731 831 1795 hiis
845 1731 975 1810 auditis,
989 1731 1204 1816 leycestriam
1218 1751 1317 1816 quam

189 1823 429 1918 expugnaverat
457 1818 522 1883 cito
542 1818 736 1902 relinquens,
749 1816 790 1919 in·
806 1819 950 1898 Scocim
974 1837 1053 1919 cum.
1074 1817 1321 1919 suisyelociter

192 1905 302 2005 adivit
336 1905 400 1970 Sed
421 1903 533 1970 eodem
547 1911 690 1988 tempore
705 1905 794 2006 §ectu
807 1925 881 2005 cum
897 1903 1234 2004 Gallouwrdrensrbus,
1244 1923 1318 1988 rege

326 1989 1321 2160 ndu

188 2164 402 2231 serrirnatam
411 2162 697 2248 Anglorumquam
707 2161 1102 2228 Galluwidiensiumfaata
1112 2161 1319 2246 actitaquod

191 2249 315 2314 nullius
337 2269 433 2314 sexus
453 2249 507 2315 vel
529 2251 634 2313 aetatis
654 2269 796 2332 personae
818 2253 1006 2332 parceretur,
1026 2248 1092 2326 sed,
1105 2249 1195 2314 omni
1213 2255 1322 2333 spreta

191 2335 423 2420 redempcione,
435 2335 654 2401 indifferenter
667 2335 708 2399 ad
719 2340 854 2400 mortem
868 2335 1071 2420 deputantur.

189 2483 194 2490 ⁴
275 2539 1241 2714 suceesmoeamauneaaeum
1311 2561 1314 2640 5

191 2739 592 2844 ROTHUMMAGUS
609 2767 732 2836 interea
744 2787 803 2854 per
815 2789 922 2855 ragam
936 2769 1131 2837 Francorum
1152 2789 1172 2835 a
1207 2787 1249 2836 na
1262 2787 1322 2854 per

189 2855 1321 3027 unni

187 3029 257 3114 jam
267 3029 388 3115 populo
397 3028 574 3114 Anglorum
586 3031 654 3114 jam
666 3030 677 3068 ¹
689 3029 731 3094 ad
740 3034 853 3094 votum
867 3031 1034 3114 pacificato
1045 3050 1083 3096 ae
1096 3031 1184 3116 pacis
1198 3028 1318 3094 foedera

189 3117 325 3180 firmiter
345 3114 516 3182 robomto¹²
530 3118 590 3182 sub
605 3116 674 3216 ejus
697 3114 830 3194 dicione,
844 3116 886 3180 ad
906 3135 994 3183 mare
1011 3137 1069 3202 pro
1092 3121 1168 3194 arat,
1188 3121 1223 3181 et
1242 3135 1319 3181 suos

191 3203 407 3284 subventurus
429 3223 530 3268 manu
554 3204 630 3268 fortr
657 3203 860 3268 transfretare
888 3222 955 3267 non
983 3203 1048 3274 dist
1086 3203 1121 3280 t,
1148 3207 1182 3270 et
1208 3220 1315 3286 regem

191 3288 360 3354 Scotorum
373 3288 575 3354 Willelmum
589 3289 630 3354 da
644 3289 790 3354 custodia
803 3289 999 3355 extrahens¹⁸
1012 3309 1122 3354 secum
1148 3285 1320 3353 abduxit¹⁴

192 3375 264 3453 Quo
273 3383 442 3460 comperto,
454 3395 563 3440 omnes
574 3375 644 3460 ejus
655 3374 763 3441 hostes
773 3375 870 3440 timor
880 3375 1009 3453 invasit,
1020 3374 1091 3440 sicl⁶
1102 3373 1187 3459 quod
1198 3373 1246 3438 hii
1260 3371 1319 3458 qui

190 3469 281 3534 erant
294 3461 494 3527 intentores¹⁰
507 3459 723 3547 principales¹⁷
738 3460 903 3526 discordias
914 3461 954 3526 de
964 3481 1043 3546 pace
1052 3468 1188 3527 tractare
1198 3471 1319 3545 coepar-

191 3553 269 3628 unt;
283 3554 379 3632 atque
390 3549 546 3613 bonorum
557 3547 699 3614 virorum
709 3547 868 3613 instancia
878 3554 970 3634 putor
979 3567 1052 3613 cnm
1064 3547 1131 3612 filio
1139 3548 1317 3632 firmapacs

189 3635 374 3700 concordati
394 3641 471 3700 sunt
480 3657 489 3716 ;
509 3655 547 3699 ac
567 3655 646 3718 paca
666 3633 757 3698 finali
777 3639 845 3698 tam
859 3639 950 3700 extra
963 3655 1061 3720 quam
1075 3634 1156 3700 citra
1168 3653 1255 3700 mare
1269 3653 1318 3699 re·

189 3721 326 3790 formata
339 3720 407 3786 inte
478 3721 545 3799 ter,
554 3740 664 3786 omnes
679 3719 825 3804 captivi¹⁸
836 3727 950 3806 prester
960 3743 1067 3808 regem
1078 3721 1205 3800 Scociae,
1220 3721 1319 3791 intor-

188 3814 290 3872 vantu
301 3807 383 3894 regis
477 3827 595 3886 corum,
605 3827 662 3874 rex
672 3807 832 3873 Hernicus
840 3807 998 3874 relaxatos
1009 3807 1206 3884 deliberavit,
1215 3827 1252 3872 ac
1260 3807 1318 3904 eisf

235 4015 447 4121 :GFaSancta
551 4015 743 4122 :efflictim
848 4014 1032 4072 macana
1069 4015 1316 4072 naavaaoust.

236 4087 288 4210 'gi
300 4088 519 4224 &afflans
556 4089 810 4225 Eqffiriiretur.
876 4095 901 4140 ω
913 4087 1281 4225 Ἥιέιὶιιὲακωωῗ.

235 4221 288 4281 ⁸13
301 4231 331 4282 0.
344 4229 375 4280 n.
388 4245 459 4282 vero.
553 4227 720 4302 ⁰0.1E.onu't
731 4227 875 4280 Hauricum
885 4225 1317 4296 junioremaaduddAuglomm.

224 4296 247 4332 ¹⁰
258 4298 286 4350 0.
300 4298 332 4350 D.
346 4300 376 4354 E.
390 4299 530 4354 Flandrin.
630 4297 650 4332 ¹¹
663 4299 694 4351 B.
706 4299 734 4351 C.
748 4299 777 4350 Ε.
791 4301 852 4350 omit
863 4299 927 4365 jam.
1000 4321 1002 4324 ·
1034 4297 1055 4332 ¹²
1066 4299 1095 4350 0.
1108 4299 1140 4350 Ε.
1153 4297 1315 4356 coroboffto.

225 4367 247 4402 ¹³
258 4370 286 4421 0.
300 4369 331 4422 Ε,
344 4371 466 4422 educans.
630 4365 652 4403 ²⁴
663 4369 692 4422 0.
706 4369 738 4420 D.
751 4369 782 4420 Ε.
795 4368 917 4422 adduxit.
1032 4365 1056 4402 ¹⁵
1067 4369 1105 4421 sic
1117 4369 1256 4420 {manaa
1275 4381 1278 4386 '

224 4437 247 4475 ¹⁶
258 4439 288 4492 B.
301 4439 464 4492 intentiores.
500 4439 528 4493 0.
541 4439 572 4492 R
586 4437 694 4492 inerunt
705 4439 858 4521 mactatores.
948 4435 1012 4492 17Β.
1025 4439 1054 4491 O.
1068 4441 1101 4492 D.
1114 4440 1144 4494 n.
1157 4437 1317 4506 principalis.

224 4507 246 4544 ¹⁸
257 4511 287 4564 (t.
301 4511 333 4564 D.
347 4511 454 4579 captivi,
466 4511 619 4577 aflcroards
631 4510 725 4562 eumad
736 4515 761 4560 to
772 4513 898 4576 captivos.
935 4509 966 4563 E.
978 4513 1104 4578 captivos.
