3240 5130
625 479 721 528 LIBER
736 479 887 556 oremus.
1262 470 1321 528 361

267 719 428 806 §autu
442 723 478 792 bc
492 722 584 790 nubs
597 723 794 891 ῃτπιέειὼίξ
808 723 846 790 iu
860 721 953 798 belle,
969 743 1037 791 curu
1051 721 1245 794 iurihcnciis.

742 842 826 890 xxrx.

196 947 526 1039 &leucorum
540 972 1045 1058 bonosieordinote,nng1iciin
1058 973 1162 1039 tubus
1176 974 1325 1040 emmer

192 1061 321 1126 aciebus
334 1059 458 1125 bellicis
472 1080 508 1126 se
528 1059 775 1125 ordinaverunt:
796 1061 981 1144 inquorum
1005 1060 1109 1145 prima
1128 1066 1198 1126 erat
1218 1081 1325 1126 comes

193 1147 233 1212 de
258 1146 428 1230 Salisbery,
448 1147 485 1211 in
506 1146 645 1212 secunde
669 1146 737 1211 dux
758 1145 924 1212 lohannes
950 1146 1136 1224 bedfordiae,
1158 1148 1193 1211 in
1214 1147 1325 1213 tercie²

194 1231 320 1312 Gallici,
356 1233 615 1318 Burgundienses
651 1238 685 1297 ct
713 1232 865 1298 extranei
910 1233 997 1298 Sccti
1027 1241 1135 1298 autem
1163 1234 1267 1318 primo
1288 1234 1325 1298 in

192 1319 406 1404 wangurdiam
419 1320 606 1404 Anglorum,
620 1319 678 1383 ubi
691 1323 759 1384 erat
782 1339 887 1384 comes
901 1317 942 1383 de
965 1318 1136 1403 Sslisbery,
1153 1319 1323 1398 irruerunt,

191 1407 365 1471 maximam
394 1411 532 1491 stragem
560 1405 596 1470 in
625 1425 680 1471 eos
708 1405 861 1506 feeemnt,
889 1426 928 1470 ao
956 1405 997 1470 de
1025 1406 1147 1470 eisdem
1167 1408 1321 1490 quosdam

191 1491 1323 1663 emululffladuffiudffi

191 1665 314 1730 bellum
329 1667 397 1730 sive
412 1666 513 1730 aciem
538 1664 623 1730 belli
669 1663 763 1742 Quod
784 1665 931 1730 videntes
956 1665 1155 1750 longobardi
1179 1673 1214 1732 et
1234 1665 1323 1731 Alle-

193 1751 292 1816 manii
314 1757 347 1816 et
372 1751 550 1830 Gcsconici
565 1752 622 1834 qui
647 1757 737 1816 erant
761 1751 877 1816 armati
898 1757 966 1817 tam
991 1752 1027 1816 in
1052 1753 1144 1836 equis
1168 1773 1266 1837 quam
1287 1752 1323 1819 in

193 1838 384 1922 corporibus,
413 1838 471 1922 qui
499 1858 609 1902 omnes
638 1844 800 1923 equestres
828 1843 928 1914 erant,
956 1838 1102 1904 nolentes
1127 1839 1162 1904 in
1187 1839 1323 1925 pedibus

191 1925 384 2002 discendere,
394 1929 545 2008 putantes
559 1924 726 1990 victoriam
737 1924 870 1990 Gallicis
884 1924 1004 2002 cedere,
1014 1944 1109 2009 super
1122 1925 1324 2011 baggeoium³

192 2015 357 2095 coepsrunt
370 2011 538 2076 infundere
559 2018 632 2096 post
652 2011 881 2096 rercgurdism3
912 2011 989 2095 quia
1010 2011 1075 2095 ipsi
1097 2017 1251 2096 tanquam
1272 2013 1324 2077 cla

192 2097 313 2176 volans,
326 2097 368 2162 ad
382 2097 629 2163 succurrendum
650 2097 686 2162 in
699 2102 840 2182 tempore
862 2097 1061 2162 necessitatis
1076 2097 1170 2175 eliis*
1184 2098 1323 2163 ordinati

193 2188 290 2249 erant
333 2183 377 2247 Et
405 2183 445 2250 de
466 2184 551 2250 facto
572 2184 609 2248 in
629 2183 732 2268 primo
752 2184 877 2267 impetu
901 2203 997 2268 super
1021 2183 1198 2268 Anglorum
1221 2185 1323 2249 arohi-

193 2275 339 2335 tenentes
352 2270 524 2348 irruerunt,
537 2275 571 2336 et
584 2290 695 2336 eorum
709 2269 867 2335 ordinem¹⁵
877 2269 1105 2355 dirumpentes,
1119 2271 1192 2335 aliis
1213 2291 1324 2356 super-

192 2356 405 2436 venientibus,
433 2356 540 2421 locum
575 2356 718 2421 intrandi
752 2357 914 2437 fecerunt3
950 2360 984 2422 ct
1012 2356 1053 2421 ad
1081 2357 1185 2442 spolia
1212 2363 1324 2442 postea

192 2443 406 2527 procedentes,
420 2443 461 2508 ob
476 2463 581 2508 eorem
594 2442 741 2508 timorem
751 2441 820 2507 clii⁸
829 2443 865 2507 in
875 2443 984 2528 iugum
994 2441 1139 2508 conv'ersi
1149 2443 1190 2508 ad
1200 2443 1323 2510 bellum

192 2528 284 2594 ducis
305 2529 484 2594 Bedfordiae
506 2549 540 2595 se
563 2527 782 2616 recolligentes
804 2529 1019 2614 ju[n]xerunt.
1062 2531 1107 2595 Et
1131 2530 1178 2594 sic
1200 2530 1323 2595 domini

192 2616 369 2700 Anglornm
397 2635 506 2681 eorum
536 2616 678 2681 adventu
699 2615 876 2693 reanimati,
904 2615 945 2680 ad
966 2636 1087 2681 uorum
1107 2615 1229 2682 bellum
1250 2637 1322 2701 pru·

191 2702 376 2780 clamantes,
403 2702 439 2767 in
469 2723 567 2768 unam
599 2721 739 2768 messem
770 2702 951 2787 congregati
975 2707 1061 2780 sunt,
1089 2707 1123 2768 et
1154 2703 1190 2767 in
1221 2703 1323 2768 aciem

191 2789 270 2855 belli
290 2789 484 2854 Francorum
505 2795 538 2854 et
560 2789 727 2858 Scotorum
743 2788 912 2866 irruerumt,
933 2786 1140 2855 revertentes⁷
1161 2788 1219 2874 qui
1240 2790 1324 2855 inter

191 2896 255 2954 eos,
269 2883 307 2944 ut
320 2877 521 2961 premissum
534 2881 593 2953 est,
606 2875 753 2960 nequiter
767 2873 865 2939 divisi
878 2881 968 2940 erant
982 2879 1015 2940 et
1028 2876 1064 2940 in
1078 2895 1188 2940 eorum
1201 2875 1323 2942 bellum

191 2961 379 3028 fenestreti⁸
421 2964 556 3048 Propter
565 2961 652 3047 quod
665 2961 803 3046 Anglici,
812 2961 897 3028 inter
903 2961 989 3027 bella
1002 2961 1279 3047 longobardorum
1290 2970 1324 3029 et

191 3049 385 3116 Francorum
398 3049 582 3136 angustiati,
595 3047 656 3116 sic⁹
668 3047 755 3135 quod
768 3069 822 3114 cos
836 3047 1002 3133 oportebat
1015 3047 1068 3114 rel
1089 3047 1256 3115 defendere
1270 3050 1324 3115 rel

192 3136 274 3200 mori
287 3137 323 3202 in
336 3135 456 3215 bellc,¹⁰
469 3137 538 3202 vim
551 3137 713 3214 facientes,
727 3143 761 3201 et
774 3133 821 3202 sic
834 3135 921 3200 inter
933 3133 1018 3201 belle
1031 3154 1140 3200 eorum
1158 3135 1324 3215 intrantes,

191 3221 321 3286 finalem
342 3223 511 3288 victoriam
531 3221 641 3308 adepti
661 3229 746 3301 sunt,
768 3227 803 3287 et
823 3241 933 3287 omnes
955 3220 1100 3286 dominos
1121 3221 1179 3287 et²¹
1200 3221 1323 3288 nobiles

192 3307 262 3373 sine
284 3307 499 3374 misericordia
520 3308 691 3374 crudeliter
704 3307 896 3376 occiderunt
939 3307 1139 3394 Iengobardi
1152 3328 1236 3387 vero,
1248 3315 1324 3394 post

192 3393 332 3477 predam
357 3401 493 3478 captam,
518 3415 592 3460 cum
617 3414 727 3460 eorum
755 3393 953 3478 sequacibus,
976 3393 1047 3460 risa
1075 3394 1153 3460 belli
1180 3395 1323 3474 victoris,

193 3479 278 3545 caede
293 3479 415 3545 crudeli
429 3486 464 3547 et
477 3481 670 3545 Francorum
684 3481 769 3564 fuge,
783 3479 854 3545 sine
867 3479 996 3544 redditu
1016 3476 1052 3544 in
1065 3501 1164 3546 unam
1184 3501 1323 3547 massam

192 3573 399 3644 recesserunt,
409 3572 444 3632 et
463 3586 567 3651 usque
588 3565 629 3630 ad
649 3565 678 3630 ri
737 3565 744 3580 '
814 3565 854 3630 de
868 3566 949 3630 Isar
963 3565 1089 3633 henum
1103 3588 1169 3633 non
1182 3576 1321 3634 retraxe-

190 3657 268 3716 runt
279 3652 318 3733 3¹²
345 3659 379 3718 ct
399 3652 520 3718 ibidem
545 3651 648 3737 spolie
697 3652 858 3718 'viserunt
901 3651 945 3718 Et
969 3652 1016 3718 sic
1037 3674 1146 3720 eorum
1170 3654 1323 3738 spoliscio

192 3739 384 3823 perdicionis
397 3739 476 3841 belli
489 3738 554 3804 fuit
570 3738 700 3840 occasio.
744 3737 788 3804 Et
801 3745 1032 3840 consequenter
1052 3740 1322 3842 postnvictoriarn,
1425 3777 1429 3790 ‹

192 3824 648 3991 subscudibus
664 3845 733 3977 lt
771 3826 1322 3997 subduxerimus:

191 4019 228 4064 ac
242 3998 358 4066 Jecobi
370 4000 411 4066 de
430 3997 582 4085 congus,
595 3998 655 4064 filii
668 3997 748 4065 dicti
762 3998 872 4064 duem:
901 4017 1037 4084 quorum
1058 4009 1188 4084 corpora
1208 3999 1244 4064 in
1258 4019 1323 4064 uno

241 4173 370 4227 ’ΔΜ
382 4173 653 4240 lutersromprocedi.
1040 4169 1090 4223 ¹0.
1104 4172 1194 4224 tercio.

239 4245 293 4297 ³B.
308 4246 336 4298 (l.
350 4245 383 4298 D.
397 4246 428 4296 Ε
442 4245 607 4312 boggogium.
713 4241 766 4296 ⁴0.
779 4243 810 4296 ll.
823 4244 877 4296 alii.
1037 4240 1094 4292 ὓ1η
1106 4247 1207 4310 murpbr
1220 4243 1290 4298 luder.

240 4315 252 4350 ⁰
263 4317 292 4368 G.
306 4315 335 4368 Ε
349 4317 410 4368 cruit
421 4315 475 4376 uu,
490 4316 588 4380 leuviam
599 4315 681 4368 limet.
841 4313 852 4348 ⁷
865 4315 894 4366 (l.
970 4317 1064 4364 rentes.

243 4384 293 4439 ⁸0.
306 4387 337 4438 Ε
350 4385 493 4438 conbusti.
529 4385 561 4436 D.
578 4385 718 4437 lenistrati.
845 4329 1051 4449 ⁸Allclvcidsroru
1063 4399 1099 4434 sc.

231 4455 253 4490 ¹⁰
264 4457 292 4510 O.
305 4455 335 4512 Ε,
349 4460 397 4510 sut
407 4456 473 4508 mori
485 4456 513 4507 in
522 4453 628 4507 bellum.
700 4453 719 4490 ¹¹
734 4455 763 4508 C.
777 4453 806 4506 Ε.
821 4471 858 4508 ac.
1029 4451 1051 4488 ¹¹
1062 4453 1090 4506 O.
1105 4455 1135 4506 Ε.
1148 4461 1295 4508 erexerunt
