<?xml version="1.0" encoding="UTF-8"?>
<!DOCTYPE html PUBLIC "-//W3C//DTD XHTML 1.0 Transitional//EN"
    "http://www.w3.org/TR/xhtml1/DTD/xhtml1-transitional.dtd">
<html xmlns="http://www.w3.org/1999/xhtml" xml:lang="en" lang="en">
 <head>
  <title>
</title>
<meta http-equiv="Content-Type" content="text/html;charset=utf-8" />
  <meta name='ocr-system' content='tesseract 3.04.00' />
  <meta name='ocr-capabilities' content='ocr_page ocr_carea ocr_par ocr_line ocrx_word'/>
</head>
<body>
  <div class='ocr_page' id='page_1' title='image "./liberpluscarden01skengoog_0142.png"; bbox 0 0 3284 5122; ppageno 0'>
   <div class='ocr_carea' id='block_1_1' title="bbox 333 475 1087 535">
    <p class='ocr_par' dir='ltr' id='par_1_1' title="bbox 333 475 1087 535">
     <span class='ocr_line' id='line_1_1' title="bbox 333 475 1087 535; baseline 0.004 -3"><span class='ocrx_word' id='word_1_1' title='bbox 333 475 372 532; x_wconf 80' lang='lat'><strong>84</strong></span> <span class='ocrx_word' id='word_1_2' title='bbox 705 485 802 534; x_wconf 80' lang='lat' dir='ltr'>LIBER</span> <span class='ocrx_word' id='word_1_3' title='bbox 815 483 1087 535; x_wconf 72' lang='lat' dir='ltr'><strong>Pnuscassnnuffls.</strong></span> 
     </span>
    </p>
   </div>
   <div class='ocr_carea' id='block_1_2' title="bbox 319 640 1460 3480">
    <p class='ocr_par' dir='ltr' id='par_1_2' title="bbox 319 640 1460 3480">
     <span class='ocr_line' id='line_1_2' title="bbox 328 640 1458 728; baseline 0.004 -22"><span class='ocrx_word' id='word_1_4' title='bbox 328 640 519 708; x_wconf 77' lang='lat' dir='ltr'><strong>Natiuitatis</strong></span> <span class='ocrx_word' id='word_1_5' title='bbox 533 641 667 707; x_wconf 89' lang='lat' dir='ltr'><strong>Domini</strong></span> <span class='ocrx_word' id='word_1_6' title='bbox 687 642 770 707; x_wconf 85' lang='lat' dir='ltr'><strong>festo</strong></span> <span class='ocrx_word' id='word_1_7' title='bbox 791 641 932 727; x_wconf 86' lang='lat' dir='ltr'><strong>praefatis</strong></span> <span class='ocrx_word' id='word_1_8' title='bbox 957 641 1084 728; x_wconf 83' lang='lat' dir='ltr'><strong>regibus</strong></span> <span class='ocrx_word' id='word_1_9' title='bbox 1105 644 1319 728; x_wconf 77' lang='lat' dir='ltr'><strong>prefixerunt</strong></span> <span class='ocrx_word' id='word_1_10' title='bbox 1365 646 1458 724; x_wconf 78' lang='lat' dir='ltr'><strong>Quod</strong></span> 
     </span>
     <span class='ocr_line' id='line_1_3' title="bbox 328 728 1460 815; baseline 0.005 -22"><span class='ocrx_word' id='word_1_11' title='bbox 328 728 468 794; x_wconf 88' lang='lat' dir='ltr'><strong>finaliter</strong></span> <span class='ocrx_word' id='word_1_12' title='bbox 489 751 564 795; x_wconf 92' lang='lat' dir='ltr'><strong>cum</strong></span> <span class='ocrx_word' id='word_1_13' title='bbox 585 729 728 795; x_wconf 83' lang='lat' dir='ltr'><strong>maxima</strong></span> <span class='ocrx_word' id='word_1_14' title='bbox 750 729 962 807; x_wconf 75' lang='lat' dir='ltr'><strong>solemnitate,</strong></span> <span class='ocrx_word' id='word_1_15' title='bbox 980 729 1145 814; x_wconf 76' lang='lat' dir='ltr'>dignitate,</span> <span class='ocrx_word' id='word_1_16' title='bbox 1158 730 1260 815; x_wconf 83' lang='lat' dir='ltr'><strong>gloria</strong></span> <span class='ocrx_word' id='word_1_17' title='bbox 1282 737 1316 798; x_wconf 92' lang='lat' dir='ltr'><strong>et</strong></span> <span class='ocrx_word' id='word_1_18' title='bbox 1339 731 1460 799; x_wconf 86' lang='lat' dir='ltr'>honore</span> 
     </span>
     <span class='ocr_line' id='line_1_4' title="bbox 328 815 1458 904; baseline 0.004 -24"><span class='ocrx_word' id='word_1_19' title='bbox 328 821 586 881; x_wconf 87' lang='lat' dir='ltr'><strong>consummatum</strong></span> <span class='ocrx_word' id='word_1_20' title='bbox 607 821 657 881; x_wconf 87' lang='lat' dir='ltr'><strong>est</strong></span> <span class='ocrx_word' id='word_1_21' title='bbox 678 823 712 881; x_wconf 91' lang='lat' dir='ltr'><strong>et</strong></span> <span class='ocrx_word' id='word_1_22' title='bbox 732 815 968 900; x_wconf 91' lang='lat' dir='ltr'><strong>perimpletum,</strong></span> <span class='ocrx_word' id='word_1_23' title='bbox 988 821 1057 881; x_wconf 89' lang='lat' dir='ltr'><strong>tem</strong></span> <span class='ocrx_word' id='word_1_24' title='bbox 1079 817 1119 881; x_wconf 92' lang='lat' dir='ltr'><strong>de</strong></span> <span class='ocrx_word' id='word_1_25' title='bbox 1139 818 1345 883; x_wconf 84' lang='lat' dir='ltr'><strong>matrimonio</strong></span> <span class='ocrx_word' id='word_1_26' title='bbox 1359 840 1458 904; x_wconf 90' lang='lat' dir='ltr'><strong>quam</strong></span> 
     </span>
     <span class='ocr_line' id='line_1_5' title="bbox 329 901 1458 991; baseline 0.004 -25"><span class='ocrx_word' id='word_1_27' title='bbox 329 901 369 967; x_wconf 90' lang='lat' dir='ltr'><strong>de</strong></span> <span class='ocrx_word' id='word_1_28' title='bbox 390 903 478 986; x_wconf 82' lang='lat' dir='ltr'><strong>pacis</strong></span> <span class='ocrx_word' id='word_1_29' title='bbox 499 903 630 968; x_wconf 86' lang='lat' dir='ltr'><strong>focdere¹</strong></span> <span class='ocrx_word' id='word_1_30' title='bbox 644 903 879 984; x_wconf 84' lang='lat' dir='ltr'><strong>continuand03</strong></span> <span class='ocrx_word' id='word_1_31' title='bbox 900 904 993 967; x_wconf 85' lang='lat' dir='ltr'><strong>ambo</strong></span> <span class='ocrx_word' id='word_1_32' title='bbox 1011 924 1099 988; x_wconf 87' lang='lat' dir='ltr'><strong>reges</strong></span> <span class='ocrx_word' id='word_1_33' title='bbox 1121 904 1222 970; x_wconf 88' lang='lat' dir='ltr'><strong>eciam</strong></span> <span class='ocrx_word' id='word_1_34' title='bbox 1244 911 1277 970; x_wconf 92' lang='lat' dir='ltr'><strong>et</strong></span> <span class='ocrx_word' id='word_1_35' title='bbox 1290 906 1458 991; x_wconf 89' lang='lat' dir='ltr'><strong>utriusque</strong></span> 
     </span>
     <span class='ocr_line' id='line_1_6' title="bbox 328 989 1458 1078; baseline 0.003 -24"><span class='ocrx_word' id='word_1_36' title='bbox 328 989 418 1074; x_wconf 86' lang='lat' dir='ltr'><strong>regni</strong></span> <span class='ocrx_word' id='word_1_37' title='bbox 431 989 557 1074; x_wconf 87' lang='lat' dir='ltr'><strong>praelati</strong></span> <span class='ocrx_word' id='word_1_38' title='bbox 567 995 600 1055; x_wconf 87' lang='lat' dir='ltr'><strong>et</strong></span> <span class='ocrx_word' id='word_1_39' title='bbox 610 990 752 1067; x_wconf 82' lang='lat' dir='ltr'><strong>barones,</strong></span> <span class='ocrx_word' id='word_1_40' title='bbox 763 989 858 1054; x_wconf 89' lang='lat' dir='ltr'><strong>tactis</strong></span> <span class='ocrx_word' id='word_1_41' title='bbox 873 990 1082 1054; x_wconf 87' lang='lat' dir='ltr'><strong>sacrosanctis</strong></span> <span class='ocrx_word' id='word_1_42' title='bbox 1092 991 1283 1076; x_wconf 80' lang='lat' dir='ltr'><strong>euangeliis,</strong></span> <span class='ocrx_word' id='word_1_43' title='bbox 1294 994 1458 1078; x_wconf 84' lang='lat' dir='ltr'><strong>perpetuis</strong></span> 
     </span>
     <span class='ocr_line' id='line_1_7' title="bbox 328 1076 1458 1164; baseline 0.004 -25"><span class='ocrx_word' id='word_1_44' title='bbox 328 1076 525 1160; x_wconf 83' lang='lat' dir='ltr'><strong>temporibus</strong></span> <span class='ocrx_word' id='word_1_45' title='bbox 548 1077 700 1142; x_wconf 78' lang='lat' dir='ltr'><strong>dunaturo</strong></span> <span class='ocrx_word' id='word_1_46' title='bbox 722 1076 907 1141; x_wconf 88' lang='lat' dir='ltr'><strong>solemniter</strong></span> <span class='ocrx_word' id='word_1_47' title='bbox 924 1077 1121 1160; x_wconf 87' lang='lat' dir='ltr'><strong>juraverunt.</strong></span> <span class='ocrx_word' id='word_1_48' title='bbox 1166 1078 1259 1157; x_wconf 81' lang='lat' dir='ltr'><strong>Quod</strong></span> <span class='ocrx_word' id='word_1_49' title='bbox 1274 1079 1360 1164; x_wconf 74' lang='lat' dir='ltr'><strong>ergo²</strong></span> <span class='ocrx_word' id='word_1_50' title='bbox 1370 1081 1458 1164; x_wconf 84' lang='lat' dir='ltr'><strong>jura-</strong></span> 
     </span>
     <span class='ocr_line' id='line_1_8' title="bbox 327 1163 1457 1248; baseline 0.004 -22"><span class='ocrx_word' id='word_1_51' title='bbox 327 1169 482 1241; x_wconf 88' lang='lat' dir='ltr'><strong>mentum,</strong></span> <span class='ocrx_word' id='word_1_52' title='bbox 492 1184 594 1248; x_wconf 86' lang='lat' dir='ltr'><strong>usque</strong></span> <span class='ocrx_word' id='word_1_53' title='bbox 602 1163 643 1228; x_wconf 91' lang='lat' dir='ltr'><strong>ed</strong></span> <span class='ocrx_word' id='word_1_54' title='bbox 654 1163 753 1228; x_wconf 90' lang='lat' dir='ltr'><strong>finem</strong></span> <span class='ocrx_word' id='word_1_55' title='bbox 760 1163 837 1227; x_wconf 84' lang='lat' dir='ltr'><strong>vitae</strong></span> <span class='ocrx_word' id='word_1_56' title='bbox 847 1183 965 1241; x_wconf 82' lang='lat' dir='ltr'><strong>comm,</strong></span> <span class='ocrx_word' id='word_1_57' title='bbox 975 1163 1023 1228; x_wconf 92' lang='lat' dir='ltr'><strong>ite</strong></span> <span class='ocrx_word' id='word_1_58' title='bbox 1033 1163 1171 1229; x_wconf 92' lang='lat' dir='ltr'><strong>fideliter</strong></span> <span class='ocrx_word' id='word_1_59' title='bbox 1181 1173 1215 1231; x_wconf 88' lang='lat' dir='ltr'><strong>et</strong></span> <span class='ocrx_word' id='word_1_60' title='bbox 1228 1165 1457 1232; x_wconf 84' lang='lat' dir='ltr'><strong>inviolabiliter</strong></span> 
     </span>
     <span class='ocr_line' id='line_1_9' title="bbox 328 1250 1457 1336; baseline 0.004 -22"><span class='ocrx_word' id='word_1_61' title='bbox 328 1251 421 1315; x_wconf 90' lang='lat' dir='ltr'><strong>ambo</strong></span> <span class='ocrx_word' id='word_1_62' title='bbox 449 1271 548 1335; x_wconf 84' lang='lat' dir='ltr'><strong>reges,</strong></span> <span class='ocrx_word' id='word_1_63' title='bbox 574 1271 648 1315; x_wconf 93' lang='lat' dir='ltr'><strong>cum</strong></span> <span class='ocrx_word' id='word_1_64' title='bbox 676 1250 877 1334; x_wconf 88' lang='lat' dir='ltr'><strong>principibus</strong></span> <span class='ocrx_word' id='word_1_65' title='bbox 899 1270 1018 1327; x_wconf 86' lang='lat' dir='ltr'><strong>eorum,</strong></span> <span class='ocrx_word' id='word_1_66' title='bbox 1042 1251 1183 1335; x_wconf 85' lang='lat' dir='ltr'><strong>praelatis</strong></span> <span class='ocrx_word' id='word_1_67' title='bbox 1208 1258 1242 1317; x_wconf 88' lang='lat' dir='ltr'><strong>et</strong></span> <span class='ocrx_word' id='word_1_68' title='bbox 1265 1253 1457 1336; x_wconf 86' lang='lat' dir='ltr'><strong>proceribus,</strong></span> 
     </span>
     <span class='ocr_line' id='line_1_10' title="bbox 326 1335 1456 1423; baseline 0.004 -23"><span class='ocrx_word' id='word_1_69' title='bbox 326 1342 603 1414; x_wconf 86' lang='lat' dir='ltr'><strong>conservaverunt,</strong></span> <span class='ocrx_word' id='word_1_70' title='bbox 618 1337 704 1421; x_wconf 90' lang='lat' dir='ltr'><strong>quod</strong></span> <span class='ocrx_word' id='word_1_71' title='bbox 717 1338 754 1400; x_wconf 92' lang='lat' dir='ltr'><strong>in</strong></span> <span class='ocrx_word' id='word_1_72' title='bbox 766 1335 857 1400; x_wconf 92' lang='lat' dir='ltr'><strong>nullo</strong></span> <span class='ocrx_word' id='word_1_73' title='bbox 879 1341 1021 1419; x_wconf 89' lang='lat' dir='ltr'><strong>tempore</strong></span> <span class='ocrx_word' id='word_1_74' title='bbox 1035 1338 1129 1422; x_wconf 85' lang='lat' dir='ltr'><strong>quasi</strong></span> <span class='ocrx_word' id='word_1_75' title='bbox 1149 1339 1309 1423; x_wconf 73' lang='lat' dir='ltr'><strong>posterius</strong></span> <span class='ocrx_word' id='word_1_76' title='bbox 1331 1339 1456 1417; x_wconf 88' lang='lat' dir='ltr'><strong>divisio,</strong></span> 
     </span>
     <span class='ocr_line' id='line_1_11' title="bbox 326 1421 1456 1509; baseline 0.001 -20"><span class='ocrx_word' id='word_1_77' title='bbox 326 1423 493 1501; x_wconf 83' lang='lat' dir='ltr'><strong>discordia,</strong></span> <span class='ocrx_word' id='word_1_78' title='bbox 508 1423 576 1488; x_wconf 85' lang='lat' dir='ltr'><strong>sive</strong></span> <span class='ocrx_word' id='word_1_79' title='bbox 591 1422 756 1500; x_wconf 78' lang='lat' dir='ltr'><strong>discensio,</strong></span> <span class='ocrx_word' id='word_1_80' title='bbox 772 1443 844 1508; x_wconf 81' lang='lat' dir='ltr'><strong>quae</strong></span> <span class='ocrx_word' id='word_1_81' title='bbox 860 1421 997 1508; x_wconf 81' lang='lat' dir='ltr'><strong>gravari³</strong></span> <span class='ocrx_word' id='word_1_82' title='bbox 1010 1443 1108 1508; x_wconf 85' lang='lat' dir='ltr'><strong>regne</strong></span> <span class='ocrx_word' id='word_1_83' title='bbox 1121 1426 1290 1509; x_wconf 71' lang='lat' dir='ltr'><strong>poterant,⁴</strong></span> <span class='ocrx_word' id='word_1_84' title='bbox 1303 1427 1389 1491; x_wconf 90' lang='lat' dir='ltr'><strong>inter</strong></span> <span class='ocrx_word' id='word_1_85' title='bbox 1402 1447 1456 1490; x_wconf 88' lang='lat' dir='ltr'><strong>eos</strong></span> 
     </span>
     <span class='ocr_line' id='line_1_12' title="bbox 325 1508 1457 1595; baseline 0.001 -20"><span class='ocrx_word' id='word_1_86' title='bbox 325 1511 394 1575; x_wconf 89' lang='lat' dir='ltr'><strong>sive</strong></span> <span class='ocrx_word' id='word_1_87' title='bbox 408 1531 516 1575; x_wconf 89' lang='lat' dir='ltr'><strong>eorum</strong></span> <span class='ocrx_word' id='word_1_88' title='bbox 531 1509 652 1574; x_wconf 88' lang='lat' dir='ltr'><strong>incolas</strong></span> <span class='ocrx_word' id='word_1_89' title='bbox 660 1508 830 1594; x_wconf 80' lang='lat' dir='ltr'><strong>contigisse</strong></span> <span class='ocrx_word' id='word_1_90' title='bbox 839 1508 1008 1574; x_wconf 85' lang='lat' dir='ltr'><strong>videbatur</strong></span> <span class='ocrx_word' id='word_1_91' title='bbox 1012 1533 1020 1590; x_wconf 89' lang='lat'>;</span> <span class='ocrx_word' id='word_1_92' title='bbox 1031 1530 1090 1576; x_wconf 90' lang='lat' dir='ltr'><strong>neo</strong></span> <span class='ocrx_word' id='word_1_93' title='bbox 1104 1531 1248 1595; x_wconf 85' lang='lat' dir='ltr'><strong>unquam</strong></span> <span class='ocrx_word' id='word_1_94' title='bbox 1257 1513 1321 1576; x_wconf 84' lang='lat' dir='ltr'><strong>fuit</strong></span> <span class='ocrx_word' id='word_1_95' title='bbox 1329 1511 1457 1590; x_wconf 67' lang='lat' dir='ltr'><strong>visum,⁵</strong></span> 
     </span>
     <span class='ocr_line' id='line_1_13' title="bbox 324 1596 1458 1680; baseline 0.003 -20"><span class='ocrx_word' id='word_1_96' title='bbox 324 1616 588 1680; x_wconf 90' lang='lat' dir='ltr'><strong>quorumcunque</strong></span> <span class='ocrx_word' id='word_1_97' title='bbox 601 1615 711 1680; x_wconf 84' lang='lat' dir='ltr'><strong>regum</strong></span> <span class='ocrx_word' id='word_1_98' title='bbox 725 1596 931 1680; x_wconf 90' lang='lat' dir='ltr'><strong>temporibus,</strong></span> <span class='ocrx_word' id='word_1_99' title='bbox 945 1596 1029 1662; x_wconf 88' lang='lat' dir='ltr'><strong>inter</strong></span> <span class='ocrx_word' id='word_1_100' title='bbox 1051 1598 1160 1663; x_wconf 87' lang='lat' dir='ltr'><strong>Scotos</strong></span> <span class='ocrx_word' id='word_1_101' title='bbox 1175 1604 1208 1663; x_wconf 89' lang='lat' dir='ltr'><strong>et</strong></span> <span class='ocrx_word' id='word_1_102' title='bbox 1222 1619 1331 1664; x_wconf 91' lang='lat' dir='ltr'><strong>eorum</strong></span> <span class='ocrx_word' id='word_1_103' title='bbox 1345 1600 1458 1665; x_wconf 86' lang='lat' dir='ltr'><strong>sdver-</strong></span> 
     </span>
     <span class='ocr_line' id='line_1_14' title="bbox 325 1682 1456 1771; baseline 0.004 -25"><span class='ocrx_word' id='word_1_104' title='bbox 325 1682 424 1746; x_wconf 88' lang='lat' dir='ltr'><strong>sarios</strong></span> <span class='ocrx_word' id='word_1_105' title='bbox 448 1688 540 1747; x_wconf 89' lang='lat' dir='ltr'><strong>tanto</strong></span> <span class='ocrx_word' id='word_1_106' title='bbox 568 1687 711 1765; x_wconf 90' lang='lat' dir='ltr'><strong>tempore</strong></span> <span class='ocrx_word' id='word_1_107' title='bbox 736 1703 846 1746; x_wconf 85' lang='lat' dir='ltr'><strong>veram</strong></span> <span class='ocrx_word' id='word_1_108' title='bbox 869 1703 982 1767; x_wconf 84' lang='lat' dir='ltr'><strong>pacem</strong></span> <span class='ocrx_word' id='word_1_109' title='bbox 1006 1688 1039 1748; x_wconf 91' lang='lat' dir='ltr'><strong>et</strong></span> <span class='ocrx_word' id='word_1_110' title='bbox 1064 1685 1272 1750; x_wconf 76' lang='lat' dir='ltr'><strong>dilectionem</strong></span> <span class='ocrx_word' id='word_1_111' title='bbox 1295 1687 1456 1771; x_wconf 88' lang='lat' dir='ltr'><strong>fidemque</strong></span> 
     </span>
     <span class='ocr_line' id='line_1_15' title="bbox 324 1767 1456 1855; baseline 0.004 -24"><span class='ocrx_word' id='word_1_112' title='bbox 324 1767 513 1833; x_wconf 86' lang='lat' dir='ltr'><strong>inviolatam</strong></span> <span class='ocrx_word' id='word_1_113' title='bbox 542 1773 575 1833; x_wconf 90' lang='lat' dir='ltr'><strong>et</strong></span> <span class='ocrx_word' id='word_1_114' title='bbox 602 1769 842 1833; x_wconf 84' lang='lat' dir='ltr'><strong>immaculatam</strong></span> <span class='ocrx_word' id='word_1_115' title='bbox 870 1769 911 1834; x_wconf 87' lang='lat' dir='ltr'><strong>ab</strong></span> <span class='ocrx_word' id='word_1_116' title='bbox 943 1776 1079 1854; x_wconf 79' lang='lat' dir='ltr'><strong>utreque</strong></span> <span class='ocrx_word' id='word_1_117' title='bbox 1114 1777 1205 1855; x_wconf 90' lang='lat' dir='ltr'><strong>parte</strong></span> <span class='ocrx_word' id='word_1_118' title='bbox 1240 1773 1456 1838; x_wconf 75' lang='lat' dir='ltr'><strong>infallibiliter</strong></span> 
     </span>
     <span class='ocr_line' id='line_1_16' title="bbox 324 1855 1454 1938; baseline 0.004 -19"><span class='ocrx_word' id='word_1_119' title='bbox 324 1855 494 1920; x_wconf 79' lang='lat' dir='ltr'><strong>observari</strong></span> <span class='ocrx_word' id='word_1_120' title='bbox 540 1855 625 1933; x_wconf 81' lang='lat' dir='ltr'><strong>Quia</strong></span> <span class='ocrx_word' id='word_1_121' title='bbox 639 1855 745 1920; x_wconf 86' lang='lat' dir='ltr'><strong>dictus</strong></span> <span class='ocrx_word' id='word_1_122' title='bbox 760 1875 817 1919; x_wconf 86' lang='lat' dir='ltr'><strong>rex</strong></span> <span class='ocrx_word' id='word_1_123' title='bbox 832 1855 994 1922; x_wconf 89' lang='lat' dir='ltr'><strong>Henricus</strong></span> <span class='ocrx_word' id='word_1_124' title='bbox 1007 1857 1111 1922; x_wconf 87' lang='lat' dir='ltr'><strong>fidelis</strong></span> <span class='ocrx_word' id='word_1_125' title='bbox 1131 1864 1165 1923; x_wconf 92' lang='lat' dir='ltr'><strong>et</strong></span> <span class='ocrx_word' id='word_1_126' title='bbox 1186 1858 1310 1924; x_wconf 75' lang='lat' dir='ltr'><strong>firmus⁰</strong></span> <span class='ocrx_word' id='word_1_127' title='bbox 1323 1861 1454 1938; x_wconf 90' lang='lat' dir='ltr'><strong>amicus,</strong></span> 
     </span>
     <span class='ocr_line' id='line_1_17' title="bbox 323 1941 1454 2030; baseline 0.005 -25"><span class='ocrx_word' id='word_1_128' title='bbox 323 1945 391 2005; x_wconf 86' lang='lat' dir='ltr'><strong>tam</strong></span> <span class='ocrx_word' id='word_1_129' title='bbox 405 1941 442 2006; x_wconf 91' lang='lat' dir='ltr'><strong>in</strong></span> <span class='ocrx_word' id='word_1_130' title='bbox 455 1947 598 2026; x_wconf 89' lang='lat' dir='ltr'><strong>tempore</strong></span> <span class='ocrx_word' id='word_1_131' title='bbox 611 1941 712 2025; x_wconf 89' lang='lat' dir='ltr'><strong>patris</strong></span> <span class='ocrx_word' id='word_1_132' title='bbox 727 1941 806 2007; x_wconf 91' lang='lat' dir='ltr'><strong>dicti</strong></span> <span class='ocrx_word' id='word_1_133' title='bbox 820 1942 903 2028; x_wconf 79' lang='lat' dir='ltr'><strong>regis</strong></span> <span class='ocrx_word' id='word_1_134' title='bbox 924 1943 1110 2022; x_wconf 83' lang='lat' dir='ltr'><strong>Alexandri,</strong></span> <span class='ocrx_word' id='word_1_135' title='bbox 1124 1951 1294 2030; x_wconf 86' lang='lat' dir='ltr'><strong>postquam</strong></span> <span class='ocrx_word' id='word_1_136' title='bbox 1316 1966 1454 2012; x_wconf 80' lang='lat' dir='ltr'><strong>summm</strong></span> 
     </span>
     <span class='ocr_line' id='line_1_18' title="bbox 324 2028 1454 2117; baseline 0.005 -25"><span class='ocrx_word' id='word_1_137' title='bbox 324 2028 405 2093; x_wconf 94' lang='lat' dir='ltr'><strong>dicti</strong></span> <span class='ocrx_word' id='word_1_138' title='bbox 433 2028 568 2094; x_wconf 90' lang='lat' dir='ltr'><strong>Henrici</strong></span> <span class='ocrx_word' id='word_1_139' title='bbox 595 2028 780 2094; x_wconf 74' lang='lat' dir='ltr'><strong>Alexander</strong></span> <span class='ocrx_word' id='word_1_140' title='bbox 809 2028 966 2094; x_wconf 88' lang='lat' dir='ltr'><strong>secundus</strong></span> <span class='ocrx_word' id='word_1_141' title='bbox 992 2029 1201 2115; x_wconf 85' lang='lat' dir='ltr'><strong>disponsavit,</strong></span> <span class='ocrx_word' id='word_1_142' title='bbox 1225 2053 1323 2117; x_wconf 84' lang='lat' dir='ltr'><strong>quam</strong></span> <span class='ocrx_word' id='word_1_143' title='bbox 1352 2033 1454 2098; x_wconf 87' lang='lat' dir='ltr'><strong>eciam</strong></span> 
     </span>
     <span class='ocr_line' id='line_1_19' title="bbox 322 2115 1455 2203; baseline 0.004 -23"><span class='ocrx_word' id='word_1_144' title='bbox 322 2115 447 2200; x_wconf 87' lang='lat' dir='ltr'><strong>generis</strong></span> <span class='ocrx_word' id='word_1_145' title='bbox 469 2116 520 2181; x_wconf 91' lang='lat' dir='ltr'><strong>sui</strong></span> <span class='ocrx_word' id='word_1_146' title='bbox 541 2115 697 2200; x_wconf 61' lang='lat' dir='ltr'><strong>tempore?</strong></span> <span class='ocrx_word' id='word_1_147' title='bbox 716 2115 796 2180; x_wconf 91' lang='lat' dir='ltr'><strong>dicti</strong></span> <span class='ocrx_word' id='word_1_148' title='bbox 816 2116 994 2182; x_wconf 82' lang='lat' dir='ltr'><strong>Alexandri</strong></span> <span class='ocrx_word' id='word_1_149' title='bbox 1008 2117 1108 2196; x_wconf 89' lang='lat' dir='ltr'><strong>tercii,</strong></span> <span class='ocrx_word' id='word_1_150' title='bbox 1122 2139 1247 2203; x_wconf 88' lang='lat' dir='ltr'><strong>semper</strong></span> <span class='ocrx_word' id='word_1_151' title='bbox 1260 2120 1455 2201; x_wconf 80' lang='lat' dir='ltr'><strong>habebatur3</strong></span> 
     </span>
     <span class='ocr_line' id='line_1_20' title="bbox 323 2202 1454 2289; baseline 0.004 -22"><span class='ocrx_word' id='word_1_152' title='bbox 323 2202 411 2286; x_wconf 90' lang='lat' dir='ltr'><strong>quod</strong></span> <span class='ocrx_word' id='word_1_153' title='bbox 424 2223 494 2268; x_wconf 91' lang='lat' dir='ltr'><strong>raro</strong></span> <span class='ocrx_word' id='word_1_154' title='bbox 508 2203 562 2269; x_wconf 86' lang='lat' dir='ltr'><strong>vel</strong></span> <span class='ocrx_word' id='word_1_155' title='bbox 576 2223 760 2288; x_wconf 87' lang='lat' dir='ltr'><strong>nunoquam</strong></span> <span class='ocrx_word' id='word_1_156' title='bbox 776 2211 852 2269; x_wconf 87' lang='lat' dir='ltr'><strong>ante</strong></span> <span class='ocrx_word' id='word_1_157' title='bbox 865 2203 934 2282; x_wconf 90' lang='lat' dir='ltr'><strong>hoo,</strong></span> <span class='ocrx_word' id='word_1_158' title='bbox 948 2224 1008 2269; x_wconf 90' lang='lat' dir='ltr'><strong>nec</strong></span> <span class='ocrx_word' id='word_1_159' title='bbox 1025 2210 1167 2289; x_wconf 88' lang='lat' dir='ltr'><strong>tempore</strong></span> <span class='ocrx_word' id='word_1_160' title='bbox 1189 2207 1368 2284; x_wconf 84' lang='lat' dir='ltr'><strong>Britonum,</strong></span> <span class='ocrx_word' id='word_1_161' title='bbox 1382 2208 1454 2272; x_wconf 90' lang='lat' dir='ltr'><strong>Pic-</strong></span> 
     </span>
     <span class='ocr_line' id='line_1_21' title="bbox 320 2290 1453 2379; baseline 0.004 -25"><span class='ocrx_word' id='word_1_162' title='bbox 320 2293 438 2368; x_wconf 90' lang='lat' dir='ltr'><strong>torum,</strong></span> <span class='ocrx_word' id='word_1_163' title='bbox 450 2290 788 2375; x_wconf 81' lang='lat' dir='ltr'><strong>Noroawagiensium,⁸</strong></span> <span class='ocrx_word' id='word_1_164' title='bbox 799 2290 853 2356; x_wconf 81' lang='lat' dir='ltr'><strong>vel</strong></span> <span class='ocrx_word' id='word_1_165' title='bbox 873 2290 1062 2375; x_wconf 86' lang='lat' dir='ltr'><strong>Anglorum,</strong></span> <span class='ocrx_word' id='word_1_166' title='bbox 1077 2293 1246 2379; x_wconf 83' lang='lat' dir='ltr'><strong>contigisse</strong></span> <span class='ocrx_word' id='word_1_167' title='bbox 1267 2293 1453 2374; x_wconf 80' lang='lat' dir='ltr'><strong>videbatur3</strong></span> 
     </span>
     <span class='ocr_line' id='line_1_22' title="bbox 322 2377 1453 2466; baseline 0.005 -26"><span class='ocrx_word' id='word_1_168' title='bbox 322 2377 466 2461; x_wconf 86' lang='lat' dir='ltr'><strong>exceptis</strong></span> <span class='ocrx_word' id='word_1_169' title='bbox 488 2378 599 2462; x_wconf 79' lang='lat' dir='ltr'><strong>paucis</strong></span> <span class='ocrx_word' id='word_1_170' title='bbox 622 2378 704 2462; x_wconf 83' lang='lat' dir='ltr'><strong>regis</strong></span> <span class='ocrx_word' id='word_1_171' title='bbox 726 2377 858 2443; x_wconf 87' lang='lat' dir='ltr'><strong>Ricardi</strong></span> <span class='ocrx_word' id='word_1_172' title='bbox 876 2377 997 2456; x_wconf 90' lang='lat' dir='ltr'><strong>diebus,</strong></span> <span class='ocrx_word' id='word_1_173' title='bbox 1019 2378 1077 2463; x_wconf 89' lang='lat' dir='ltr'><strong>qui</strong></span> <span class='ocrx_word' id='word_1_174' title='bbox 1098 2400 1173 2444; x_wconf 93' lang='lat' dir='ltr'><strong>cum</strong></span> <span class='ocrx_word' id='word_1_175' title='bbox 1194 2380 1358 2446; x_wconf 88' lang='lat' dir='ltr'><strong>Willelmo</strong></span> <span class='ocrx_word' id='word_1_176' title='bbox 1381 2402 1453 2466; x_wconf 88' lang='lat' dir='ltr'><strong>rege</strong></span> 
     </span>
     <span class='ocr_line' id='line_1_23' title="bbox 321 2462 1453 2544; baseline 0.006 -17"><span class='ocrx_word' id='word_1_177' title='bbox 321 2463 447 2527; x_wconf 88' lang='lat' dir='ltr'><strong>firmam</strong></span> <span class='ocrx_word' id='word_1_178' title='bbox 467 2462 564 2528; x_wconf 89' lang='lat' dir='ltr'><strong>fidem</strong></span> <span class='ocrx_word' id='word_1_179' title='bbox 578 2469 611 2529; x_wconf 87' lang='lat' dir='ltr'><strong>et</strong></span> <span class='ocrx_word' id='word_1_180' title='bbox 625 2462 931 2528; x_wconf 84' lang='lat' dir='ltr'><strong>confoedersoionem</strong></span> <span class='ocrx_word' id='word_1_181' title='bbox 952 2463 1154 2530; x_wconf 86' lang='lat' dir='ltr'><strong>amicabilem</strong></span> <span class='ocrx_word' id='word_1_182' title='bbox 1169 2467 1282 2544; x_wconf 88' lang='lat' dir='ltr'><strong>tenuit,</strong></span> <span class='ocrx_word' id='word_1_183' title='bbox 1297 2473 1330 2532; x_wconf 94' lang='lat' dir='ltr'><strong>et</strong></span> <span class='ocrx_word' id='word_1_184' title='bbox 1344 2467 1380 2532; x_wconf 93' lang='lat' dir='ltr'><strong>in</strong></span> <span class='ocrx_word' id='word_1_185' title='bbox 1394 2489 1453 2534; x_wconf 86' lang='lat' dir='ltr'><strong>sua</strong></span> 
     </span>
     <span class='ocr_line' id='line_1_24' title="bbox 321 2548 1453 2636; baseline 0.004 -23"><span class='ocrx_word' id='word_1_186' title='bbox 321 2569 398 2613; x_wconf 86' lang='lat' dir='ltr'><strong>vera</strong></span> <span class='ocrx_word' id='word_1_187' title='bbox 420 2549 566 2614; x_wconf 88' lang='lat' dir='ltr'><strong>amicicia</strong></span> <span class='ocrx_word' id='word_1_188' title='bbox 590 2553 625 2614; x_wconf 91' lang='lat' dir='ltr'><strong>et</strong></span> <span class='ocrx_word' id='word_1_189' title='bbox 647 2548 926 2614; x_wconf 82' lang='lat' dir='ltr'><strong>conioederacionis</strong></span> <span class='ocrx_word' id='word_1_190' title='bbox 951 2550 1146 2616; x_wconf 87' lang='lat' dir='ltr'><strong>confidencia</strong></span> <span class='ocrx_word' id='word_1_191' title='bbox 1169 2572 1272 2636; x_wconf 89' lang='lat' dir='ltr'><strong>usque</strong></span> <span class='ocrx_word' id='word_1_192' title='bbox 1292 2553 1334 2617; x_wconf 91' lang='lat' dir='ltr'><strong>ad</strong></span> <span class='ocrx_word' id='word_1_193' title='bbox 1355 2553 1453 2620; x_wconf 92' lang='lat' dir='ltr'><strong>finem</strong></span> 
     </span>
     <span class='ocr_line' id='line_1_25' title="bbox 320 2635 1453 2720; baseline 0.005 -22"><span class='ocrx_word' id='word_1_194' title='bbox 320 2635 398 2698; x_wconf 84' lang='lat' dir='ltr'><strong>vitae</strong></span> <span class='ocrx_word' id='word_1_195' title='bbox 413 2655 491 2720; x_wconf 30' lang='lat' dir='ltr'><strong>,suae</strong></span> <span class='ocrx_word' id='word_1_196' title='bbox 514 2635 733 2702; x_wconf 82' lang='lat' dir='ltr'><strong>indesinenter</strong></span> <span class='ocrx_word' id='word_1_197' title='bbox 758 2635 966 2700; x_wconf 83' lang='lat' dir='ltr'><strong>continuavit</strong></span> <span class='ocrx_word' id='word_1_198' title='bbox 1022 2637 1178 2702; x_wconf 72' lang='lat' dir='ltr'><strong>Praeterea</strong></span> <span class='ocrx_word' id='word_1_199' title='bbox 1198 2658 1283 2716; x_wconf 83' lang='lat' dir='ltr'><strong>vero,</strong></span> <span class='ocrx_word' id='word_1_200' title='bbox 1306 2639 1343 2702; x_wconf 86' lang='lat' dir='ltr'><strong>in</strong></span> <span class='ocrx_word' id='word_1_201' title='bbox 1365 2638 1453 2706; x_wconf 86' lang='lat' dir='ltr'><strong>dicta</strong></span> 
     </span>
     <span class='ocr_line' id='line_1_26' title="bbox 322 2719 1453 2808; baseline 0.004 -22"><span class='ocrx_word' id='word_1_202' title='bbox 322 2720 453 2786; x_wconf 86' lang='lat' dir='ltr'><strong>civitate</strong></span> <span class='ocrx_word' id='word_1_203' title='bbox 467 2721 669 2798; x_wconf 87' lang='lat' dir='ltr'><strong>Eboracensi,</strong></span> <span class='ocrx_word' id='word_1_204' title='bbox 683 2741 739 2784; x_wconf 84' lang='lat' dir='ltr'><strong>rex</strong></span> <span class='ocrx_word' id='word_1_205' title='bbox 754 2719 915 2785; x_wconf 88' lang='lat' dir='ltr'><strong>Henricus</strong></span> <span class='ocrx_word' id='word_1_206' title='bbox 936 2722 1088 2806; x_wconf 84' lang='lat' dir='ltr'><strong>praefatus</strong></span> <span class='ocrx_word' id='word_1_207' title='bbox 1103 2744 1208 2808; x_wconf 84' lang='lat' dir='ltr'><strong>regem</strong></span> <span class='ocrx_word' id='word_1_208' title='bbox 1222 2724 1453 2804; x_wconf 80' lang='lat' dir='ltr'><strong>Alexandrum,</strong></span> 
     </span>
     <span class='ocr_line' id='line_1_27' title="bbox 320 2805 1452 2893; baseline 0.004 -21"><span class='ocrx_word' id='word_1_209' title='bbox 320 2805 451 2872; x_wconf 81' lang='lat' dir='ltr'><strong>novem⁹</strong></span> <span class='ocrx_word' id='word_1_210' title='bbox 470 2813 598 2872; x_wconf 85' lang='lat' dir='ltr'><strong>tantum</strong></span> <span class='ocrx_word' id='word_1_211' title='bbox 620 2806 724 2872; x_wconf 85' lang='lat' dir='ltr'><strong>aetatis</strong></span> <span class='ocrx_word' id='word_1_212' title='bbox 745 2827 812 2872; x_wconf 85' lang='lat' dir='ltr'><strong>susc</strong></span> <span class='ocrx_word' id='word_1_213' title='bbox 826 2827 992 2887; x_wconf 89' lang='lat' dir='ltr'><strong>annorum,</strong></span> <span class='ocrx_word' id='word_1_214' title='bbox 1007 2808 1049 2873; x_wconf 92' lang='lat' dir='ltr'><strong>ad</strong></span> <span class='ocrx_word' id='word_1_215' title='bbox 1070 2810 1199 2893; x_wconf 88' lang='lat' dir='ltr'><strong>majoris</strong></span> <span class='ocrx_word' id='word_1_216' title='bbox 1221 2810 1404 2876; x_wconf 88' lang='lat' dir='ltr'><strong>dileccionis</strong></span> <span class='ocrx_word' id='word_1_217' title='bbox 1419 2821 1452 2878; x_wconf 88' lang='lat' dir='ltr'><strong>et</strong></span> 
     </span>
     <span class='ocr_line' id='line_1_28' title="bbox 320 2893 1452 2978; baseline 0.003 -20"><span class='ocrx_word' id='word_1_218' title='bbox 320 2893 549 2958; x_wconf 85' lang='lat' dir='ltr'><strong>familiaritatis</strong></span> <span class='ocrx_word' id='word_1_219' title='bbox 569 2893 794 2971; x_wconf 89' lang='lat' dir='ltr'><strong>ostencionem,</strong></span> <span class='ocrx_word' id='word_1_220' title='bbox 808 2893 961 2978; x_wconf 86' lang='lat' dir='ltr'><strong>singulo¹⁰</strong></span> <span class='ocrx_word' id='word_1_221' title='bbox 974 2894 1107 2960; x_wconf 87' lang='lat' dir='ltr'><strong>militari</strong></span> <span class='ocrx_word' id='word_1_222' title='bbox 1121 2896 1301 2977; x_wconf 83' lang='lat' dir='ltr'><strong>decoravit3</strong></span> <span class='ocrx_word' id='word_1_223' title='bbox 1323 2903 1356 2960; x_wconf 89' lang='lat' dir='ltr'><strong>et</strong></span> <span class='ocrx_word' id='word_1_224' title='bbox 1377 2917 1452 2962; x_wconf 93' lang='lat' dir='ltr'><strong>con-</strong></span> 
     </span>
     <span class='ocr_line' id='line_1_29' title="bbox 320 2979 1452 3067; baseline 0.003 -22"><span class='ocrx_word' id='word_1_225' title='bbox 320 2989 491 3064; x_wconf 85' lang='lat' dir='ltr'><strong>sequenter</strong></span> <span class='ocrx_word' id='word_1_226' title='bbox 504 2979 744 3045; x_wconf 88' lang='lat' dir='ltr'><strong>matrimonium</strong></span> <span class='ocrx_word' id='word_1_227' title='bbox 764 2980 850 3045; x_wconf 89' lang='lat' dir='ltr'><strong>inter</strong></span> <span class='ocrx_word' id='word_1_228' title='bbox 870 2980 1039 3065; x_wconf 84' lang='lat' dir='ltr'><strong>praefatum</strong></span> <span class='ocrx_word' id='word_1_229' title='bbox 1061 3001 1167 3067; x_wconf 86' lang='lat' dir='ltr'><strong>regem</strong></span> <span class='ocrx_word' id='word_1_230' title='bbox 1180 2982 1403 3048; x_wconf 83' lang='lat' dir='ltr'><strong>Alexandrum</strong></span> <span class='ocrx_word' id='word_1_231' title='bbox 1418 2990 1452 3048; x_wconf 92' lang='lat' dir='ltr'><strong>et</strong></span> 
     </span>
     <span class='ocr_line' id='line_1_30' title="bbox 319 3065 1452 3154; baseline 0.002 -22"><span class='ocrx_word' id='word_1_232' title='bbox 319 3067 422 3133; x_wconf 88' lang='lat' dir='ltr'><strong>filiam</strong></span> <span class='ocrx_word' id='word_1_233' title='bbox 450 3087 542 3132; x_wconf 88' lang='lat' dir='ltr'><strong>suam</strong></span> <span class='ocrx_word' id='word_1_234' title='bbox 563 3065 818 3151; x_wconf 87' lang='lat' dir='ltr'><strong>primogenitam,</strong></span> <span class='ocrx_word' id='word_1_235' title='bbox 839 3067 968 3133; x_wconf 89' lang='lat' dir='ltr'><strong>nomine</strong></span> <span class='ocrx_word' id='word_1_236' title='bbox 990 3067 1213 3152; x_wconf 85' lang='lat' dir='ltr'><strong>Margaretam,</strong></span> <span class='ocrx_word' id='word_1_237' title='bbox 1233 3069 1452 3154; x_wconf 84' lang='lat' dir='ltr'><strong>perficiendou</strong></span> 
     </span>
     <span class='ocr_line' id='line_1_31' title="bbox 319 3152 1451 3238; baseline 0.002 -19"><span class='ocrx_word' id='word_1_238' title='bbox 319 3153 563 3232; x_wconf 77' lang='lat' dir='ltr'><strong>consummarit,</strong></span> <span class='ocrx_word' id='word_1_239' title='bbox 584 3153 621 3217; x_wconf 92' lang='lat' dir='ltr'><strong>in</strong></span> <span class='ocrx_word' id='word_1_240' title='bbox 642 3152 695 3217; x_wconf 90' lang='lat' dir='ltr'><strong>die</strong></span> <span class='ocrx_word' id='word_1_241' title='bbox 716 3152 776 3218; x_wconf 85' lang='lat' dir='ltr'><strong>vis.</strong></span> <span class='ocrx_word' id='word_1_242' title='bbox 798 3155 903 3218; x_wconf 88' lang='lat' dir='ltr'><strong>sancti</strong></span> <span class='ocrx_word' id='word_1_243' title='bbox 928 3153 1093 3238; x_wconf 86' lang='lat' dir='ltr'><strong>Stephani,</strong></span> <span class='ocrx_word' id='word_1_244' title='bbox 1115 3155 1152 3218; x_wconf 93' lang='lat' dir='ltr'><strong>in</strong></span> <span class='ocrx_word' id='word_1_245' title='bbox 1173 3155 1312 3221; x_wconf 86' lang='lat' dir='ltr'><strong>crastino</strong></span> <span class='ocrx_word' id='word_1_246' title='bbox 1332 3157 1451 3222; x_wconf 82' lang='lat' dir='ltr'><strong>natalis</strong></span> 
     </span>
     <span class='ocr_line' id='line_1_32' title="bbox 319 3239 1451 3326; baseline 0.002 -20"><span class='ocrx_word' id='word_1_247' title='bbox 319 3239 464 3321; x_wconf 91' lang='lat' dir='ltr'><strong>Domini,</strong></span> <span class='ocrx_word' id='word_1_248' title='bbox 484 3261 560 3306; x_wconf 89' lang='lat' dir='ltr'><strong>cum</strong></span> <span class='ocrx_word' id='word_1_249' title='bbox 580 3240 723 3305; x_wconf 86' lang='lat' dir='ltr'><strong>maxima</strong></span> <span class='ocrx_word' id='word_1_250' title='bbox 744 3239 956 3319; x_wconf 79' lang='lat' dir='ltr'><strong>solemnitate,</strong></span> <span class='ocrx_word' id='word_1_251' title='bbox 978 3245 1017 3306; x_wconf 91' lang='lat' dir='ltr'><strong>ut</strong></span> <span class='ocrx_word' id='word_1_252' title='bbox 1040 3248 1230 3326; x_wconf 76' lang='lat' dir='ltr'><strong>praetactum</strong></span> <span class='ocrx_word' id='word_1_253' title='bbox 1244 3248 1300 3308; x_wconf 85' lang='lat' dir='ltr'><strong>est</strong></span> <span class='ocrx_word' id='word_1_254' title='bbox 1345 3243 1451 3321; x_wconf 79' lang='lat' dir='ltr'><strong>Quam</strong></span> 
     </span>
     <span class='ocr_line' id='line_1_33' title="bbox 319 3325 1451 3480; baseline 0.004 -88"><span class='ocrx_word' id='word_1_255' title='bbox 319 3327 422 3480; x_wconf 60' lang='lat' dir='ltr'><strong>gciarp</strong></span> <span class='ocrx_word' id='word_1_256' title='bbox 442 3327 586 3415; x_wconf 83' lang='lat' dir='ltr'><strong>reginam</strong></span> <span class='ocrx_word' id='word_1_257' title='bbox 607 3325 777 3393; x_wconf 77' lang='lat' dir='ltr'><strong>confestim</strong></span> <span class='ocrx_word' id='word_1_258' title='bbox 796 3333 871 3414; x_wconf 88' lang='lat' dir='ltr'><strong>post</strong></span> <span class='ocrx_word' id='word_1_259' title='bbox 884 3327 1018 3413; x_wconf 83' lang='lat' dir='ltr'><strong>nupcias</strong></span> <span class='ocrx_word' id='word_1_260' title='bbox 1033 3328 1195 3414; x_wconf 83' lang='lat' dir='ltr'><strong>adportes</strong></span> <span class='ocrx_word' id='word_1_261' title='bbox 1209 3329 1328 3396; x_wconf 85' lang='lat' dir='ltr'><strong>Scocise</strong></span> <span class='ocrx_word' id='word_1_262' title='bbox 1342 3350 1451 3396; x_wconf 87' lang='lat' dir='ltr'><strong>seeum</strong></span> 
     </span>
     <span class='ocr_line' id='line_1_34' title="bbox 342 3435 399 3480; baseline 0 0"><span class='ocrx_word' id='word_1_263' title='bbox 342 3435 399 3480; x_wconf 84' lang='lat' dir='ltr'><strong>uxr</strong></span> 
     </span>
    </p>
   </div>
   <div class='ocr_carea' id='block_1_3' title="bbox 382 3623 1391 3712">
    <p class='ocr_par' dir='ltr' id='par_1_3' title="bbox 382 3623 1391 3712">
     <span class='ocr_line' id='line_1_35' title="bbox 382 3623 1391 3712; baseline 0 -16"><span class='ocrx_word' id='word_1_264' title='bbox 382 3625 546 3712; x_wconf 59' lang='lat' dir='ltr'><strong>suasa</strong></span> <span class='ocrx_word' id='word_1_265' title='bbox 558 3625 596 3694; x_wconf 78' lang='lat' dir='ltr'><strong>bs</strong></span> <span class='ocrx_word' id='word_1_266' title='bbox 609 3625 686 3694; x_wconf 78' lang='lat' dir='ltr'><strong>coti</strong></span> <span class='ocrx_word' id='word_1_267' title='bbox 699 3625 788 3712; x_wconf 73' lang='lat' dir='ltr'><strong>repis</strong></span> <span class='ocrx_word' id='word_1_268' title='bbox 801 3623 1005 3694; x_wconf 70' lang='lat' dir='ltr'><strong>musilimiis</strong></span> <span class='ocrx_word' id='word_1_269' title='bbox 1018 3625 1300 3712; x_wconf 63' lang='lat' dir='ltr'><strong>meamus-c.</strong></span> <span class='ocrx_word' id='word_1_270' title='bbox 1314 3627 1391 3696; x_wconf 72' lang='lat' dir='ltr'><strong>ae.</strong></span> 
     </span>
    </p>
   </div>
   <div class='ocr_carea' id='block_1_4' title="bbox 317 3729 1451 3927">
    <p class='ocr_par' dir='ltr' id='par_1_4' title="bbox 317 3729 1451 3927">
     <span class='ocr_line' id='line_1_36' title="bbox 320 3729 1451 3838; baseline -0.004 -18"><span class='ocrx_word' id='word_1_271' title='bbox 320 3729 490 3820; x_wconf 55' lang='lat' dir='ltr'><strong>&amp;Une</strong></span> <span class='ocrx_word' id='word_1_272' title='bbox 500 3774 575 3820; x_wconf 85' lang='lat' dir='ltr'><strong>vero</strong></span> <span class='ocrx_word' id='word_1_273' title='bbox 590 3774 647 3819; x_wconf 82' lang='lat' dir='ltr'><strong>rex</strong></span> <span class='ocrx_word' id='word_1_274' title='bbox 660 3753 802 3820; x_wconf 85' lang='lat' dir='ltr'><strong>venisset</strong></span> <span class='ocrx_word' id='word_1_275' title='bbox 815 3753 851 3817; x_wconf 92' lang='lat' dir='ltr'><strong>in</strong></span> <span class='ocrx_word' id='word_1_276' title='bbox 865 3773 962 3838; x_wconf 81' lang='lat' dir='ltr'><strong>regno</strong></span> <span class='ocrx_word' id='word_1_277' title='bbox 973 3773 1031 3818; x_wconf 91' lang='lat' dir='ltr'><strong>suo</strong></span> <span class='ocrx_word' id='word_1_278' title='bbox 1041 3759 1115 3838; x_wconf 91' lang='lat' dir='ltr'><strong>post</strong></span> <span class='ocrx_word' id='word_1_279' title='bbox 1124 3751 1365 3818; x_wconf 86' lang='lat' dir='ltr'><strong>matrimonium</strong></span> <span class='ocrx_word' id='word_1_280' title='bbox 1376 3771 1451 3817; x_wconf 91' lang='lat' dir='ltr'><strong>con-</strong></span> 
     </span>
     <span class='ocr_line' id='line_1_37' title="bbox 317 3839 1450 3927; baseline -0.004 -19"><span class='ocrx_word' id='word_1_281' title='bbox 317 3848 522 3920; x_wconf 89' lang='lat' dir='ltr'><strong>summatum,</strong></span> <span class='ocrx_word' id='word_1_282' title='bbox 531 3839 655 3927; x_wconf 86' lang='lat' dir='ltr'><strong>praelati</strong></span> <span class='ocrx_word' id='word_1_283' title='bbox 664 3847 697 3906; x_wconf 90' lang='lat' dir='ltr'><strong>et</strong></span> <span class='ocrx_word' id='word_1_284' title='bbox 707 3840 842 3905; x_wconf 89' lang='lat' dir='ltr'><strong>barones</strong></span> <span class='ocrx_word' id='word_1_285' title='bbox 853 3839 911 3905; x_wconf 80' lang='lat' dir='ltr'><strong>et¹⁴</strong></span> <span class='ocrx_word' id='word_1_286' title='bbox 921 3839 978 3904; x_wconf 89' lang='lat' dir='ltr'><strong>alii</strong></span> <span class='ocrx_word' id='word_1_287' title='bbox 988 3841 1077 3924; x_wconf 84' lang='lat' dir='ltr'><strong>regni</strong></span> <span class='ocrx_word' id='word_1_288' title='bbox 1087 3845 1252 3924; x_wconf 83' lang='lat' dir='ltr'><strong>magnates</strong></span> <span class='ocrx_word' id='word_1_289' title='bbox 1263 3844 1296 3905; x_wconf 90' lang='lat' dir='ltr'><strong>et</strong></span> <span class='ocrx_word' id='word_1_290' title='bbox 1306 3859 1450 3924; x_wconf 83' lang='lat' dir='ltr'><strong>proceres</strong></span> 
     </span>
    </p>
   </div>
   <div class='ocr_carea' id='block_1_5' title="bbox 315 3986 1449 4552">
    <p class='ocr_par' dir='ltr' id='par_1_5' title="bbox 364 3986 1238 4056">
     <span class='ocr_line' id='line_1_38' title="bbox 364 3986 1238 4056; baseline -0.007 -10"><span class='ocrx_word' id='word_1_291' title='bbox 364 3993 415 4047; x_wconf 79' lang='lat'><strong>10.</strong></span> <span class='ocrx_word' id='word_1_292' title='bbox 428 3992 515 4044; x_wconf 82' lang='lat' dir='ltr'><strong>tidem.</strong></span> <span class='ocrx_word' id='word_1_293' title='bbox 726 3987 778 4041; x_wconf 70' lang='lat' dir='ltr'><strong>&#39;lt</strong></span> <span class='ocrx_word' id='word_1_294' title='bbox 792 3989 821 4041; x_wconf 86' lang='lat'><strong>0.</strong></span> <span class='ocrx_word' id='word_1_295' title='bbox 834 3990 922 4041; x_wconf 85' lang='lat' dir='ltr'><strong>etiam.</strong></span> <span class='ocrx_word' id='word_1_296' title='bbox 1056 3986 1068 4023; x_wconf 80' lang='lat'>⁸</span> <span class='ocrx_word' id='word_1_297' title='bbox 1079 3989 1108 4040; x_wconf 87' lang='lat' dir='ltr'><strong>B.</strong></span> <span class='ocrx_word' id='word_1_298' title='bbox 1122 4003 1238 4056; x_wconf 76' lang='lat' dir='ltr'><strong>gravare.</strong></span> 
     </span>
    </p>

    <p class='ocr_par' dir='ltr' id='par_1_6' title="bbox 363 4057 1441 4130">
     <span class='ocr_line' id='line_1_39' title="bbox 363 4057 1441 4130; baseline -0.005 -14"><span class='ocrx_word' id='word_1_299' title='bbox 363 4061 416 4116; x_wconf 72' lang='lat' dir='ltr'><strong>*a</strong></span> <span class='ocrx_word' id='word_1_300' title='bbox 429 4066 582 4130; x_wconf 83' lang='lat' dir='ltr'><strong>potuerunt.</strong></span> <span class='ocrx_word' id='word_1_301' title='bbox 612 4060 645 4112; x_wconf 90' lang='lat' dir='ltr'><strong>D.</strong></span> <span class='ocrx_word' id='word_1_302' title='bbox 658 4064 806 4128; x_wconf 77' lang='lat' dir='ltr'><strong>potuerant.</strong></span> <span class='ocrx_word' id='word_1_303' title='bbox 1054 4057 1137 4111; x_wconf 64' lang='lat' dir='ltr'><strong>“Boot</strong></span> <span class='ocrx_word' id='word_1_304' title='bbox 1148 4057 1441 4125; x_wconf 73' lang='lat' dir='ltr'><strong>osleoftorooutioc.</strong></span> 
     </span>
    </p>

    <p class='ocr_par' dir='ltr' id='par_1_7' title="bbox 363 4127 1395 4198">
     <span class='ocr_line' id='line_1_40' title="bbox 363 4127 1395 4198; baseline -0.008 -10"><span class='ocrx_word' id='word_1_305' title='bbox 363 4132 415 4188; x_wconf 81' lang='lat'><strong>⁸0.</strong></span> <span class='ocrx_word' id='word_1_306' title='bbox 429 4134 519 4186; x_wconf 74' lang='lat' dir='ltr'><strong>firmia</strong></span> <span class='ocrx_word' id='word_1_307' title='bbox 724 4128 736 4166; x_wconf 71' lang='lat'>²</span> <span class='ocrx_word' id='word_1_308' title='bbox 748 4131 778 4182; x_wconf 78' lang='lat' dir='ltr'>R</span> <span class='ocrx_word' id='word_1_309' title='bbox 791 4129 858 4182; x_wconf 76' lang='lat' dir='ltr'><strong>udde</strong></span> <span class='ocrx_word' id='word_1_310' title='bbox 869 4145 890 4182; x_wconf 85' lang='lat' dir='ltr'><strong>s.</strong></span> <span class='ocrx_word' id='word_1_311' title='bbox 1056 4127 1068 4164; x_wconf 81' lang='lat'>⁸</span> <span class='ocrx_word' id='word_1_312' title='bbox 1083 4130 1111 4181; x_wconf 85' lang='lat' dir='ltr'><strong>D.</strong></span> <span class='ocrx_word' id='word_1_313' title='bbox 1126 4129 1395 4198; x_wconf 78' lang='lat' dir='ltr'><strong>Nerouwsgieusium.</strong></span> 
     </span>
    </p>

    <p class='ocr_par' dir='ltr' id='par_1_8' title="bbox 362 4197 1291 4268">
     <span class='ocr_line' id='line_1_41' title="bbox 362 4197 1291 4268; baseline -0.005 -11"><span class='ocrx_word' id='word_1_314' title='bbox 362 4203 416 4256; x_wconf 63' lang='lat' dir='ltr'><strong>&#39;R</strong></span> <span class='ocrx_word' id='word_1_315' title='bbox 429 4219 535 4257; x_wconf 81' lang='lat' dir='ltr'><strong>norum.</strong></span> <span class='ocrx_word' id='word_1_316' title='bbox 712 4197 735 4235; x_wconf 86' lang='lat'><strong>¹⁰</strong></span> <span class='ocrx_word' id='word_1_317' title='bbox 746 4201 776 4252; x_wconf 72' lang='lat' dir='ltr'><strong>u</strong></span> <span class='ocrx_word' id='word_1_318' title='bbox 789 4199 901 4268; x_wconf 80' lang='lat' dir='ltr'><strong>cingulo.</strong></span> <span class='ocrx_word' id='word_1_319' title='bbox 1047 4199 1069 4234; x_wconf 82' lang='lat'><strong>²¹</strong></span> <span class='ocrx_word' id='word_1_320' title='bbox 1080 4201 1110 4252; x_wconf 78' lang='lat' dir='ltr'>R</span> <span class='ocrx_word' id='word_1_321' title='bbox 1123 4200 1291 4267; x_wconf 83' lang='lat' dir='ltr'><strong>proficiendo.</strong></span> 
     </span>
    </p>

    <p class='ocr_par' dir='ltr' id='par_1_9' title="bbox 315 4269 1449 4415">
     <span class='ocr_line' id='line_1_42' title="bbox 351 4269 1449 4340; baseline -0.005 -11"><span class='ocrx_word' id='word_1_322' title='bbox 351 4274 374 4312; x_wconf 82' lang='lat'><strong>¹²</strong></span> <span class='ocrx_word' id='word_1_323' title='bbox 385 4277 414 4329; x_wconf 75' lang='lat' dir='ltr'>E</span> <span class='ocrx_word' id='word_1_324' title='bbox 428 4275 505 4328; x_wconf 74' lang='lat' dir='ltr'><strong>reoda</strong></span> <span class='ocrx_word' id='word_1_325' title='bbox 516 4272 642 4340; x_wconf 80' lang='lat' dir='ltr'><strong>Sequitur</strong></span> <span class='ocrx_word' id='word_1_326' title='bbox 654 4271 687 4323; x_wconf 91' lang='lat' dir='ltr'><strong>de</strong></span> <span class='ocrx_word' id='word_1_327' title='bbox 699 4270 775 4324; x_wconf 84' lang='lat' dir='ltr'><strong>novis</strong></span> <span class='ocrx_word' id='word_1_328' title='bbox 791 4271 942 4323; x_wconf 85' lang='lat' dir='ltr'><strong>consulibus</strong></span> <span class='ocrx_word' id='word_1_329' title='bbox 959 4270 1014 4339; x_wconf 79' lang='lat' dir='ltr'><strong>regi</strong></span> <span class='ocrx_word' id='word_1_330' title='bbox 1025 4269 1179 4324; x_wconf 77' lang='lat' dir='ltr'><strong>Alexandro</strong></span> <span class='ocrx_word' id='word_1_331' title='bbox 1196 4271 1294 4335; x_wconf 81' lang='lat' dir='ltr'><strong>electis,</strong></span> <span class='ocrx_word' id='word_1_332' title='bbox 1307 4274 1336 4324; x_wconf 89' lang='lat' dir='ltr'><strong>et</strong></span> <span class='ocrx_word' id='word_1_333' title='bbox 1347 4269 1381 4323; x_wconf 86' lang='lat' dir='ltr'><strong>de</strong></span> <span class='ocrx_word' id='word_1_334' title='bbox 1392 4286 1449 4323; x_wconf 87' lang='lat' dir='ltr'><strong>sus·</strong></span> 
     </span>
     <span class='ocr_line' id='line_1_43' title="bbox 315 4342 689 4415; baseline -0.016 -15"><span class='ocrx_word' id='word_1_335' title='bbox 315 4346 399 4415; x_wconf 87' lang='lat' dir='ltr'><strong>pectis</strong></span> <span class='ocrx_word' id='word_1_336' title='bbox 411 4344 562 4398; x_wconf 85' lang='lat' dir='ltr'><strong>consulibus</strong></span> <span class='ocrx_word' id='word_1_337' title='bbox 573 4342 689 4396; x_wconf 76' lang='lat' dir='ltr'><strong>remotis</strong></span> 
     </span>
    </p>

    <p class='ocr_par' dir='ltr' id='par_1_10' title="bbox 316 4411 1448 4552">
     <span class='ocr_line' id='line_1_44' title="bbox 351 4411 1448 4482; baseline -0.005 -14"><span class='ocrx_word' id='word_1_338' title='bbox 351 4416 374 4452; x_wconf 76' lang='lat'><strong>¹³</strong></span> <span class='ocrx_word' id='word_1_339' title='bbox 384 4417 415 4468; x_wconf 82' lang='grc' dir='ltr'><strong>Ε,</strong></span> <span class='ocrx_word' id='word_1_340' title='bbox 428 4417 502 4468; x_wconf 64' lang='lat' dir='ltr'><strong>ornile</strong></span> <span class='ocrx_word' id='word_1_341' title='bbox 513 4415 620 4482; x_wconf 62' lang='grc' dir='ltr'><strong>Μαι</strong></span> <span class='ocrx_word' id='word_1_342' title='bbox 631 4429 702 4466; x_wconf 69' lang='lat' dir='ltr'><strong>m</strong></span> <span class='ocrx_word' id='word_1_343' title='bbox 714 4413 775 4464; x_wconf 70' lang='lat' dir='ltr'><strong>does</strong></span> <span class='ocrx_word' id='word_1_344' title='bbox 786 4412 820 4478; x_wconf 86' lang='lat' dir='ltr'><strong>os</strong></span> <span class='ocrx_word' id='word_1_345' title='bbox 831 4411 880 4464; x_wconf 73' lang='lat' dir='ltr'><strong>tta</strong></span> <span class='ocrx_word' id='word_1_346' title='bbox 891 4411 1010 4477; x_wconf 61' lang='lat' dir='ltr'><strong>Cbupter,</strong></span> <span class='ocrx_word' id='word_1_347' title='bbox 1023 4411 1179 4478; x_wconf 80' lang='lat' dir='ltr'><strong>cnm—qni,</strong></span> <span class='ocrx_word' id='word_1_348' title='bbox 1194 4413 1249 4464; x_wconf 73' lang='lat' dir='ltr'><strong>aad</strong></span> <span class='ocrx_word' id='word_1_349' title='bbox 1260 4411 1410 4472; x_wconf 63' lang='lat' dir='ltr'><strong>mutuatos,</strong></span> <span class='ocrx_word' id='word_1_350' title='bbox 1421 4413 1448 4462; x_wconf 77' lang='lat' dir='ltr'><strong>iu</strong></span> 
     </span>
     <span class='ocr_line' id='line_1_45' title="bbox 316 4481 1446 4552; baseline -0.009 -10"><span class='ocrx_word' id='word_1_351' title='bbox 316 4490 381 4542; x_wconf 57' lang='lat' dir='ltr'><strong>We?</strong></span> <span class='ocrx_word' id='word_1_352' title='bbox 392 4487 471 4552; x_wconf 60' lang='lat' dir='ltr'><strong>mg</strong></span> <span class='ocrx_word' id='word_1_353' title='bbox 485 4485 582 4550; x_wconf 61' lang='lat' dir='ltr'><strong>Bw,</strong></span> <span class='ocrx_word' id='word_1_354' title='bbox 594 4483 666 4538; x_wconf 59' lang='lat' dir='ltr'><strong>Bwk</strong></span> <span class='ocrx_word' id='word_1_355' title='bbox 675 4483 711 4537; x_wconf 75' lang='lat' dir='ltr'><strong>X·</strong></span> <span class='ocrx_word' id='word_1_356' title='bbox 726 4483 808 4550; x_wconf 57' lang='lat' dir='ltr'><strong>OM?-</strong></span> <span class='ocrx_word' id='word_1_357' title='bbox 827 4481 856 4538; x_wconf 70' lang='lat' dir='ltr'><strong>V·</strong></span> <span class='ocrx_word' id='word_1_358' title='bbox 870 4483 933 4536; x_wconf 62' lang='lat' dir='ltr'><strong>“m</strong></span> <span class='ocrx_word' id='word_1_359' title='bbox 946 4484 996 4548; x_wconf 59' lang='lat'><strong>1⁴,</strong></span> <span class='ocrx_word' id='word_1_360' title='bbox 1009 4481 1203 4535; x_wconf 60' lang='lat' dir='ltr'><strong>Rffloti-dii·</strong></span> <span class='ocrx_word' id='word_1_361' title='bbox 1328 4481 1350 4516; x_wconf 65' lang='lat' dir='ltr'><em>u</em></span> <span class='ocrx_word' id='word_1_362' title='bbox 1363 4483 1395 4533; x_wconf 79' lang='lat' dir='ltr'><strong>D·</strong></span> <span class='ocrx_word' id='word_1_363' title='bbox 1408 4499 1446 4532; x_wconf 68' lang='grc' dir='ltr'><strong>Μ.</strong></span> 
     </span>
    </p>
   </div>
   <div class='ocr_carea' id='block_1_6' title="bbox 0 0 1646 5122">
    <p class='ocr_par' dir='ltr' id='par_1_11' title="bbox 0 0 1646 5122">
     <span class='ocr_line' id='line_1_46' title="bbox 0 0 1646 5122; baseline 0 4"><span class='ocrx_word' id='word_1_364' title='bbox 0 0 1646 5122; x_wconf 95' lang='lat' dir='ltr'><strong> </strong></span> 
     </span>
    </p>
   </div>
  </div>
 </body>
</html>
