3254 5122
311 481 378 524 XXX
684 477 849 526 APPENDIX
862 480 903 528 ΤΟ
918 479 1070 528 Pmncu.

313 632 465 718 Sequitur
478 633 518 699 de
533 634 651 700 Soooioe
665 635 846 720 regionibus
861 637 945 720 ymis
965 643 999 702 et
1013 637 1228 722 superioribus
1241 659 1249 717 ;
1269 640 1303 701 ct
1317 635 1358 700 de
1372 654 1445 698 cou-

399 731 498 796 tentie
512 732 548 796 in
562 732 690 796 eisdem.
1124 733 1314 818 &epitetum
1329 731 1398 800 uiti.

454 868 518 921 Post
534 868 585 920 olei
603 869 644 932 (e.
664 885 691 937 p.
710 872 754 934 41,
771 869 789 922 l.
805 873 846 935 15)
868 873 904 924 cic
924 872 1014 938 effluo
1023 873 1119 926 :-·uiei
1139 889 1294 941 magnorum
1313 869 1425 938 piroium
1436 889 1445 932 ς

489 951 575 1002 mellic
583 969 646 1004 vero
657 957 685 1004 ct
697 969 762 1006 cerae
774 955 803 1006 in
814 953 998 1007 habundancia
1009 959 1062 1007 ucn'
1073 960 1115 1008 eet
1126 955 1238 1022 copiose

455 1033 517 1088 Pau
529 1034 622 1086 coloris
636 1037 676 1099 (id.
689 1037 706 1089 l.
721 1037 765 1100 27)
777 1040 813 1089 cic
823 1042 970 1089 :-monteo
986 1042 1015 1090 et
1026 1055 1104 1105 rupee
1115 1037 1304 1106 dyemnntibur
1320 1033 1445 1104 pulcerri-

491 1119 542 1170 mis
553 1118 673 1186 insigniti
685 1138 692 1182 3
710 1120 739 1170 in
750 1121 867 1173 conchiis
878 1136 1007 1188 equorum
1025 1122 1143 1174 dulcium
1154 1122 1302 1190 mergur-itu
1314 1119 1446 1186 preciosis·

490 1201 562 1254 eima
579 1201 796 1270 splendidissime
814 1204 842 1255 in
859 1219 954 1272 magno
971 1205 1046 1272 copie
1062 1205 1238 1272 reperiuntur,
1256 1220 1316 1256 cum
1331 1201 1447 1254 orietullo

490 1289 519 1336 et
528 1285 660 1337 dnbcrtro
672 1291 700 1337 et
708 1287 768 1338 uliir
777 1287 910 1355 lapidibus
917 1288 1047 1354 preciosis.
1077 1288 1181 1340 ibidem
1190 1289 1272 1340 eciem
1280 1286 1447 1353 reperiuntur

490 1367 635 1431 terrilodiu‚
648 1368 821 1435 plumbicidic
832 1374 860 1421 et
871 1371 981 1422 oliorum
993 1371 1161 1424 metallorum
1171 1371 1290 1434 minaria,
1302 1386 1360 1438 quee
1377 1384 1448 1436 quae-

490 1449 611 1502 reutibuc
623 1467 693 1517 eaepc
704 1455 796 1518 putere
807 1451 940 1505 vitientur.
976 1453 1054 1505 Unde
1066 1454 1202 1515 Erodiouq
1216 1459 1259 1504 cto

456 1529 520 1583 Post
537 1531 593 1582 dioc
606 1533 646 1596 (ib.
661 1532 677 1585 l
691 1534 736 1597 37)
748 1537 784 1585 rio
797 1538 869 1588 :-ct
886 1539 976 1588 noctcr
994 1535 1076 1588 hebet
1086 1536 1253 1588 brevissimae
1263 1533 1286 1599 ;¹
1304 1531 1449 1586 octodecim

491 1631 554 1666 vero
566 1615 689 1668 horarum
704 1617 785 1669 habet
797 1617 826 1668 iu
838 1621 930 1670 aeetcte
947 1619 1011 1682 dieo,
1023 1619 1052 1670 iu
1063 1619 1190 1686 principio
1201 1618 1315 1681 Cancri5
1333 1615 1449 1683 hyemnli

491 1713 554 1748 vero
564 1702 683 1766 tempore
693 1717 741 1767 per
751 1716 799 1751 rex
807 1700 884 1754 horae
895 1701 977 1753 hebet
988 1703 1044 1754 dieo
1055 1701 1084 1754 in
1095 1700 1269 1770 longitudino,
1280 1701 1307 1752 in
1319 1697 1448 1767 principio

493 1781 650 1847 Capricorni,
662 1783 817 1835 brevissimo
828 1784 872 1835 die
882 1785 986 1850 yemali.

457 1863 518 1914 Poct
529 1863 667 1916 duodecim
680 1866 720 1928 (ib.
734 1882 760 1933 p.
770 1868 813 1929 42,
825 1865 843 1920 l.
854 1869 881 1930 2)
893 1869 929 1918 cic
939 1870 1011 1918 :-·et
1028 1883 1082 1918 nox
1099 1867 1229 1929 totidem
1248 1865 1276 1916 in
1287 1863 1449 1916 Alexandric

492 1961 554 1997 voro
566 1946 675 2014 AEgypti
687 1947 744 2000 dies
755 1948 836 2000 habet
848 1948 896 2000 xiii
904 1947 982 2001 horne
993 1953 1021 2000 et
1032 1967 1086 2001 nox
1096 1949 1178 2002 hebet
1188 1949 1223 2001 xi.

318 2092 469 2175 Sequitur
494 2091 533 2156 de
559 2090 715 2158 divisione
740 2093 889 2178 gencium
919 2093 1037 2159 Scociae
1061 2099 1095 2159 et
1117 2095 1320 2179 linguarum
1341 2111 1379 2157 uc
1407 2092 1448 2156 de

403 2190 537 2256 diversis
551 2192 694 2257 moribus
709 2192 888 2259 earundem
1127 2191 1319 2284 Septicium
1331 2189 1375 2259 ix.

255 2373 257 2380 ·
318 2342 469 2427 Sequitur
484 2341 523 2406 de
537 2341 653 2408 insulis
668 2342 786 2408 Soocioe
801 2342 914 2408 divisis
929 2342 971 2407 ab
986 2341 1163 2408 Orcadibuo
1178 2341 1299 2406 insulis.

226 2467 229 2474 ·
1125 2439 1358 2524 ltmitrrluutx,

320 2589 471 2672 Sequitur
485 2588 524 2653 de
539 2587 654 2652 insulis
670 2587 853 2654 Orcodibus.
1124 2587 1314 2673 &opitulum
1328 2585 1371 2656 xi.

319 2736 472 2822 Sequitur
496 2735 536 2801 de
561 2742 788 2821 temporeque
813 2737 984 2822 Fergusius
1005 2737 1091 2804 filius
1117 2738 1272 2816 Ferccrdi,
1293 2758 1350 2804 rex
1375 2736 1450 2803 Sco-

405 2839 520 2911 torum,
545 2833 635 2919 prius
664 2835 700 2899 iu
725 2834 836 2901 Soociu
861 2856 991 2922 regnare
1015 2838 1177 2923 crepitet
1201 2837 1297 2901 armis
1323 2837 1391 2920 ejue
1417 2843 1451 2900 et

407 2934 534 2999 actibus
549 2933 680 3000 bellicis.
1127 2933 1319 3019 uncinum
1332 2933 1389 3002 xii.

460 3069 652 3206 chxpouioe
666 3071 707 3136 (u.
720 3086 745 3138 p.
754 3071 822 3138 uel
834 3073 876 3137 10)
887 3072 939 3125 loo
950 3073 1043 3126 addito
1053 3079 1111 3126 cum
1120 3072 1236 3139 :-qucd
1247 3071 1346 3124 dicitur
1355 3072 1451 3124 Drum-

321 3283 474 3368 Sequitur
495 3283 536 3350 de
557 3305 630 3369 rege
645 3283 771 3362 Richer‚
786 3285 855 3370 ejus
869 3286 1034 3371 abnepote,
1049 3307 1146 3371 quem
1159 3286 1349 3352 venerabilis
1363 3285 1452 3351 Beda

408 3383 669 3449 Reudomvocat.
1129 3383 1322 3468 Supitulm
1336 3383 1406 3452 xiii.

323 3542 477 3628 Sequitur
491 3543 531 3608 de
545 3543 669 3628 legibue
683 3564 704 3608 c
717 3543 741 3608 J
741 3543 807 3608 ulio
823 3543 946 3610 Gaesure
960 3545 1067 3610 missio
1081 3543 1122 3610 ed
1136 3565 1224 3628 reges
1239 3543 1405 3610 Scotorum
1420 3547 1453 3610 et

409 3643 585 3720 Pictorum,
599 3647 637 3707 ut
652 3641 805 3707 Romanis
820 3643 985 3709 obedirent
998 3663 1051 3709 eos
1066 3643 1268 3710 exhortando.

1131 3740 1324 3826 Sanitatem
1338 3740 1422 3809 xiiii.

324 3904 478 3990 Sequitur
500 3903 539 3969 de
559 3903 718 3988 responsio
733 3902 905 3968 eorundem
919 3923 1024 3988 regem
1045 3903 1218 3968 literatorie
1232 3904 1256 3969 J
1256 3901 1322 3968 ulio
1337 3901 1455 3968 Oaesori

407 4003 556 4069 remissie.
1127 3999 1318 4085 Supitulum
1332 4009 1380 4069 κὴ.

239 4211 244 4220 .
326 4153 479 4237 Sequitur
507 4151 548 4218 de
577 4150 743 4235 repentino
768 4150 852 4216 Julii
879 4150 985 4217 reditu
1014 4155 1142 4236 propter
1167 4151 1359 4217 lrcncorum
1388 4151 1457 4216 sive

411 4251 579 4317 Gallorum
609 4251 757 4316 iteratum
785 4249 990 4316 rebellionem
1015 4251 1210 4332 oedundcm3
1242 4257 1275 4317 et
1299 4251 1340 4315 de
1364 4249 1456 4335 siguo

673 4454 683 4489 ²
695 4455 866 4508 Brevissima
879 4456 905 4507 io
917 4457 1019 4520 morpio
1031 4456 1102 4507 letter.
