3240 5130
598 505 692 555 LIDllB
706 506 857 558 nummus.
1230 496 1291 556 337

166 665 245 751 asida
265 663 352 750 rycbt
373 663 439 729 aad
460 661 532 728 lato¹
548 664 586 748 os
594 665 642 728 tte
663 664 769 730 soom¹
782 667 849 729 aad
869 671 1044 749 cutmen
1066 663 1176 750 caepd
1196 666 1234 750 q(
1244 665 1292 730 ta

165 753 378 837 pawmtbat
402 751 707 836 mammaeae
732 752 1292 836 thytadcpurposostbecommoa

164 841 259 924 profit
272 839 311 923 os
326 840 375 903 tlte
389 837 492 902 lorad.’'
531 837 576 900 Et
589 837 636 903 sia
650 857 706 922 per
719 837 806 903 hunc
827 839 956 904 modum
979 860 1034 904 rex
1050 838 1207 904 Ricardus
1228 838 1292 902 fuit

166 946 263 1010 ragno
276 926 420 1011 privatus
443 931 476 990 et
497 929 622 1002 exutus,
634 931 669 990 et
689 925 852 1010 perpetuis
873 926 1049 991 carceribus
1066 925 1176 991 statim
1191 924 1290 1009 depu-

167 1018 254 1077 tatus
279 1019 313 1078 et
336 1010 493 1077 diffinitus
503 1009 529 1091 3¹
556 1009 634 1075 lieet
653 1016 762 1076 tamen
782 1032 840 1097 per
865 1012 1020 1096 quosdam
1045 1013 1114 1097 ejus
1137 1009 1290 1078 fautores⁵

165 1099 229 1163 fuit
251 1099 375 1164 concito
398 1102 541 1162 mutatura
566 1097 735 1176 subtiliter,
755 1105 789 1163 et
814 1096 937 1177 exinde,
952 1098 1016 1164 elio
1037 1097 1135 1165 simili
1160 1099 1196 1163 in
1220 1097 1290 1162 loco

166 1185 234 1268 ejus
249 1185 432 1262 constituto,
445 1182 595 1268 ereptus,¹
607 1189 641 1248 et
653 1182 696 1248 ad
715 1183 838 1250 insulas
861 1185 978 1250 &aciae
999 1189 1092 1250 caute
1105 1189 1235 1251 erectus
1257 1191 1290 1250 et

165 1271 396 1349 trumfretatus,
424 1275 458 1335 at
485 1271 521 1334 in
549 1270 687 1354 coquina
711 1269 833 1336 domini
861 1271 1044 1336 Insularum
1071 1291 1129 1356 per
1160 1271 1291 1354 aliquod

164 1363 292 1443 tempus
316 1356 507 1444 incognitus,
534 1363 645 1440 postes
672 1361 781 1422 tamen
809 1377 829 1422 a
857 1357 995 1442 quodem
1027 1357 1117 1422 fatuo
1142 1359 1178 1423 in
1195 1357 1290 1422 domo

126 1517 128 1522 ,
165 1443 289 1510 domini
323 1443 507 1509 insudatum
535 1441 593 1526 qui
621 1439 708 1507 ante¹
736 1443 772 1507 in
800 1443 929 1530 Anglis⁸
957 1464 1031 1510 eum
1059 1444 1208 1529 cognovit
1235 1443 1290 1508 de-

165 1528 297 1611 tantus,¹
310 1549 366 1614 per
380 1530 503 1594 dictum
517 1527 684 1593 dominum
698 1528 881 1596 Insrdarum
896 1529 981 1616 apud
995 1550 1101 1616 regern
1115 1529 1290 1595 Robertum

164 1619 300 1683 tercium
321 1616 439 1682 missus
460 1619 509 1681 est
521 1614 558 1679 in
573 1615 716 1680 Scocism
736 1635 794 1700 per
807 1617 973 1682 dominum
986 1617 1027 1683 de
1048 1614 1291 1702 Montgumry.¹⁰

166 1704 232 1781 Qui
252 1723 309 1768 rex
330 1702 467 1768 eundem
487 1721 593 1786 regam
607 1701 779 1767 Pdeardum
800 1703 980 1782 honorifice,
1000 1711 1038 1770 ut
1063 1703 1179 1782 decuit,
1193 1703 1290 1769 susti-

165 1789 248 1869 nuit,
262 1788 364 1853 dum¹¹
379 1789 463 1854 vixit
473 1811 483 1869 3
504 1795 537 1854 at
549 1794 623 1874 pest
643 1809 718 1854 eum
739 1789 805 1854 dux
822 1790 969 1855 Albaniae
990 1789 1138 1856 similiter
1158 1789 1243 1868 feeit,
1257 1797 1290 1854 et

165 1883 344 1942 reverenter
357 1895 432 1940 eum
445 1875 591 1952 nutrivit,
605 1875 739 1940 vestivit
753 1881 786 1942 et
799 1875 1020 1942 honorificavit
1034 1897 1136 1962 usque
1152 1877 1193 1942 ad
1206 1897 1291 1941 mor-

165 1968 252 2044 tem;
272 1968 306 2028 et
319 1963 355 2027 in
368 1961 519 2026 frutribus
540 1961 580 2026 de
595 1961 660 2026 Stir
675 1961 682 1976 ‘
740 1969 961 2047 postmortem
982 1964 1119 2028 eundem
1133 1961 1290 2046 sepelivit,

165 2049 208 2113 ad
228 2069 325 2114 cornu
339 2048 449 2114 altaris
467 2047 657 2132 aquilonale.
738 2049 765 2113 'e
779 2048 934 2114 Ricardus
955 2049 1019 2113 fuit
1039 2049 1126 2114 filins
1139 2049 1290 2113 Edwardi

164 2135 269 2219 princi
291 2133 455 2213 invallis,
469 2134 527 2219 qui
547 2133 654 2199 dietum
667 2139 717 2200 est
730 2133 907 2200 Edwardus
926 2135 1092 2219 quartus¹¹
1135 2134 1201 2199 Hic
1214 2154 1290 2200 vero

164 2221 229 2285 fuit
249 2155 336 2286 filius
349 2221 498 2286 Edwardi
519 2219 560 2286 de
573 2220 744 2286 Windisor.
789 2221 853 2300 Qui
866 2221 1022 2286 Ricardus
1043 2221 1114 2285 xxii
1134 2240 1288 2286 annorum

165 2313 309 2373 mortuus
323 2314 372 2374 est
386 2307 456 2373 sine
468 2305 585 2372 liberis
624 2308 668 2372 Et
681 2307 717 2371 in
731 2312 795 2372 tem
837 2328 872 2373 re
886 2307 1083 2392 expulsionis
1098 2307 1168 2392 ejus
1182 2307 1288 2392 regina

166 2413 282 2479 sponse
302 2413 361 2460 sua
381 2393 444 2459 fuit
457 2391 616 2471 Ysebella,
630 2393 698 2458 filia
711 2413 785 2459 vero
831 2394 913 2479 regis
926 2395 1077 2476 Francia,
1095 2393 1142 2458 xii
1163 2397 1291 2458 tentum

165 2501 330 2560 annornm,
351 2481 386 2544 in
408 2483 510 2546 castro
531 2479 572 2544 de
592 2478 757 2544 Windisor
779 2480 946 2559 custodita,
971 2485 1005 2546 et
1029 2499 1086 2564 per
1110 2499 1232 2545 annum
1257 2487 1291 2544 et

165 2567 335 2632 dimidium
349 2566 488 2647 recluss;
510 2571 543 2631 et
551 2565 663 2631 multis
677 2565 807 2631 modis¹⁴
820 2570 854 2632 et
866 2567 912 2631 im
934 2565 1006 2632 nlsa
1019 2566 1061 2632 sd
1074 2566 1290 2632 maritandum

164 2673 237 2718 cum
255 2652 408 2739 juniore¹¹
422 2653 563 2719 Henrieo
584 2652 784 2730 loncestriae,
797 2652 857 2717 filii
871 2660 904 2718 et
912 2587 1042 2719 lendis
1056 2653 1136 2718 dicti
1157 2651 1291 2717 Hanriei

164 2741 246 2826 regis
269 2741 395 2825 quarti3
419 2739 476 2806 sed
500 2758 683 2823 nuncquam
709 2740 888 2805 consentire
911 2738 1024 2806 voluit.
1068 2738 1218 2817 Tandem,
1242 2759 1290 2804 re-

163 2826 294 2912 dempta
307 2825 448 2912 megna¹¹
457 2821 563 2912 precio
577 2845 634 2910 per
643 2831 775 2910 patrem,
787 2827 973 2892 transmissa
984 2833 1032 2892 est
1040 2827 1125 2911 patri
1140 2824 1299 2903 Parisius.

163 2919 197 2978 et
219 2919 322 2999 nupta
345 2934 403 2999 per
423 2912 493 2998 ejus
514 2911 728 2998 pmvisionem
752 2911 930 2978 honorifice.
974 2912 1104 2978 Accidit
1124 2917 1232 2978 autem
1255 2911 1290 2976 in

163 3003 304 3085 tempore
329 3001 422 3066 istius
446 2999 581 3065 Hanrici
603 2999 709 3084 quarti
731 2999 819 3084 quod
843 2999 974 3084 quidem
998 2999 1162 3078 heremita,
1184 2999 1289 3064 diatrrs

164 3084 330 3152 Heremita
343 3087 457 3165 Albus,
471 3093 567 3152 natus
587 3085 629 3150 de
643 3085 770 3171 Anglii,
783 3086 893 3152 dicens
914 3087 1000 3171 quod
1022 3107 1042 3151 e
1056 3087 1172 3152 Sanets
1185 3086 1289 3150 'irini-

163 3176 230 3237 tate
244 3174 373 3239 edoctus
388 3173 460 3251 fuit,
471 3177 504 3239 et
513 3173 549 3237 in
563 3171 680 3258 spiritu
693 3173 776 3237 vidit
787 3173 894 3238 sedem
909 3172 989 3238 dieti
998 3172 1105 3258 regis¹⁷
1116 3173 1152 3236 in
1165 3172 1289 3237 inferno

162 3265 380 3342 praeparatam,
394 3260 468 3345 igne
480 3258 650 3344 gehennali
664 3258 904 3337 inflammatam,
918 3263 951 3324 et
965 3259 1076 3324 multis
1090 3258 1289 3325 demonibus

163 3343 457 3411 circumvallatam:
477 3345 513 3409 in
532 3365 597 3430 qua
618 3345 700 3423 sede,
722 3345 786 3410 nisi
808 3365 955 3410 coronam
977 3346 1126 3410 sibinen
1147 3345 1289 3411 debitam

162 3429 246 3495 veris
260 3429 429 3534 heredibus
442 3430 625 3532 resignaret,
638 3437 712 3531 post
725 3437 861 3496 mortem
875 3431 1114 3534 collocaretur.¹⁸
1156 3431 1218 3498 Oui
1232 3452 1288 3496 rer

162 3517 1290 3690 steresibus.rmrstssisretst

161 3689 231 3754 “Et
251 3695 325 3775 post
346 3689 517 3767 diabolum,
531 3689 646 3774 quisl¹
689 3688 736 3754 At
756 3688 960 3756 heremita:¹⁰
984 3700 1002 3727 “
1014 3692 1175 3758 Sanetrrs.''
1218 3690 1289 3754 “Et

208 3927 260 3983 ¹0.
274 3929 305 3982 Ε.
318 3929 400 3982 lavia
576 3925 588 3962 ¹
600 3928 629 3982 R
644 3927 673 3980 0.
687 3927 719 3979 D.
734 3927 765 3980 Fa
780 3927 871 3980 realm.
977 3927 1031 3981 ³D.
1047 3943 1135 3994 excep.

208 3997 260 4053 ⁴0.
273 3999 303 4052 n
317 3999 490 4053 diffiniendus.
573 3997 626 4053 ⁶0.
640 3998 670 4050 ll.
684 3997 841 4050 fautoribus.
974 3997 986 4032 ¹
997 3998 1026 4052 B.
1040 4003 1168 4064 emptus.

208 4067 219 4104 ¹
234 4071 262 4123 0.
278 4071 307 4122 ll
321 4070 393 4123 alias.
430 4071 462 4125 D.
475 4074 559 4123 antea
974 4067 1026 4120 ⁸0.
1041 4068 1073 4119 D.
1087 4067 1117 4118 D
1132 4066 1264 4134 Angiiam.

207 4136 259 4194 ⁹0.
272 4141 302 4194 Ε.
317 4139 445 4195 detectus.
568 4137 590 4175 ¹⁰
601 4140 630 4192 C.
643 4139 672 4192 Ε.
686 4139 907 4208 Moutegomorry.
944 4138 977 4191 D.
990 4138 1171 4204 Morgomery.

197 4209 217 4243 ¹¹
230 4211 259 4262 0.
272 4210 303 4262 R
316 4211 372 4263 add
382 4211 410 4262 in
421 4211 557 4264 hnmanae.
594 4212 628 4262 Ia
640 4210 670 4262 Ε.
683 4211 780 4262 abacti
791 4219 816 4262 to
828 4211 857 4262 in
869 4209 997 4262 humanis·

198 4277 263 4332 ¹¹D.
277 4281 496 4346 nddaiamamio
509 4282 640 4334 latchhe
651 4280 734 4332 Black
747 4281 847 4333 Prince.
962 4277 984 4311 ¹¹
995 4277 1050 4329 filia
1061 4277 1089 4329 ia
1100 4281 1202 4343 marvis
1214 4279 1285 4330 later.

197 4347 219 4382 ¹¹
231 4351 259 4402 G.
273 4351 303 4402 E.
317 4352 372 4403 add
383 4351 517 4420 requisita.
554 4352 583 4406 B.
597 4353 670 4404 maiis
682 4355 716 4404 et
962 4345 985 4382 ¹¹
995 4349 1024 4400 (l.
1038 4349 1071 4400 D.
1085 4348 1114 4399 Ε.
1128 4347 1235 4414 iuniori.

196 4417 219 4453 ¹¹
231 4421 261 4472 R
275 4421 304 4473 0.
317 4421 349 4474 D.
365 4422 396 4474 E.
409 4438 510 4491 magno.
618 4419 640 4458 ¹¹
652 4421 681 4474 Ο.
695 4419 726 4473 Ε.
738 4421 795 4474 odd
805 4420 863 4472 sibi
965 4415 986 4452 ¹¹
998 4418 1025 4470 (l
1040 4416 1069 4470 Ee
1083 4418 1245 4472 allomratur.

195 4487 217 4523 ¹¹
229 4491 258 4542 0.
272 4491 301 4544 Ε.
315 4497 375 4544 erait
389 4495 450 4561 regi.
961 4486 982 4520 ¹⁰
994 4489 1021 4540 Ο.
1036 4487 1064 4541 Ε.
1079 4489 1134 4540 aad
1145 4489 1280 4541 Suooedet.

721 4576 741 4624 Y
