3254 5122
581 455 746 506 APPENDIX
760 458 800 506 TO
816 458 966 508 PBEFAGE.
1249 465 1339 510 XXXV

209 610 361 695 Sequitur
381 609 421 675 de
435 611 587 696 Fergosio
608 613 675 680 filio
693 613 774 679 Erth
796 615 897 681 Pictis
919 617 1099 702 conjuncto,
1112 640 1247 704 regnum
1267 619 1340 684 dolo

295 710 415 776 tiranni
443 711 583 776 Maximi
610 733 668 797 per
696 714 857 778 Romanos
888 721 921 780 et
950 717 1097 782 Britoues
1130 719 1342 805 quadraginta

294 810 398 875 tribus
412 809 506 876 annis
521 810 688 876 detentum
702 819 916 898 recuperante.
1019 815 1211 899 Sapituluut
1224 816 1261 884 ii.

348 935 412 988 Post
423 935 527 1002 lapidea
541 937 581 1002 (u.
594 954 620 1005 p.
635 938 678 1000 88,
690 937 708 990 l.
724 941 778 1003 26),
790 955 849 1006 quoe
862 939 961 992 dicitur
973 939 1099 992 Staumur
1109 941 1225 994 additur.

347 1019 411 1072 Post
421 1019 570 1072 omittimus
583 1020 623 1084 (a.
636 1021 654 1072 l
670 1021 723 1084 ³2),
736 1025 765 1073 st
775 1021 809 1072 ad
822 1020 904 1074 libros
916 1021 1050 1074 Hiberniae
1061 1025 1185 1091 antiquos
1196 1023 1339 1076 niarium

210 1153 363 1239 Sequitur
384 1151 424 1218 de
445 1153 635 1218 crudelitate
656 1153 757 1228 cledis
777 1174 834 1238 per
848 1154 956 1220 Pictos
971 1160 1004 1220 et
1026 1156 1136 1222 Scotos
1157 1156 1257 1222 illatae
1271 1157 1342 1222 Bri-

296 1251 435 1329 tonibus,
446 1258 480 1316 et
494 1253 533 1318 de
544 1253 689 1317 Romana
702 1253 835 1338 legione,
851 1259 883 1320 et
898 1254 938 1319 de
952 1254 1164 1322 edificacione
1180 1256 1272 1322 fossae
1286 1276 1343 1341 per

295 1351 531 1436 inertiamque
541 1357 674 1418 vocatur
688 1351 809 1418 Grimis
824 1353 899 1437 tyle
1020 1351 1211 1438 limitatam
1224 1353 1275 1422 tit.

212 1503 365 1587 Sequitur
393 1501 433 1567 de
461 1502 597 1568 victoria
625 1503 777 1567 Romanae
804 1501 940 1589 legionis
970 1511 1003 1570 et
1031 1503 1202 1569 Britonum
1234 1509 1343 1570 contre

298 1603 408 1669 Scotos
430 1609 463 1667 et
477 1603 585 1668 Pictos
606 1603 643 1666 in
657 1601 751 1680 bello,
765 1601 822 1668 ubi
841 1603 959 1668 cecidit
981 1603 1087 1670 dictus
1100 1624 1158 1670 rex
1172 1604 1343 1690 Fergusius

297 1723 371 1768 oum
386 1722 501 1787 magna
514 1707 605 1786 parte
620 1702 787 1768 Scotorum
802 1709 835 1768 et
849 1703 1023 1770 Pictorum.

1019 1801 1211 1886 limitatam
1225 1801 1290 1870 tiit.

212 1933 365 2036 Sequitur
389 1952 430 2016 de
455 1952 654 2018 successione
679 1953 740 2018 filii
764 1953 944 2031 Ferchardi,
969 1954 1026 2038 qui
1051 1974 1125 2018 cum
1155 1975 1214 2019 avo
1240 1954 1342 2038 Gryrn

299 2051 415 2117 evertit
438 2050 672 2135 Grymisdyk03
693 2056 726 2118 et
752 2053 792 2118 de
818 2053 958 2118 secunda
982 2053 1107 2138 legione
1128 2054 1344 2118 Romauomm

301 2151 412 2216 Sootos
426 2157 460 2215 et
474 2151 582 2215 Pictos
597 2151 728 2236 fugante
743 2152 861 2216 iterum
876 2152 955 2217 citra
969 2171 1119 2235 empnem
1133 2152 1173 2216 do
1187 2153 1267 2236 Tyn

1021 2248 1214 2333 mutuum
1227 2258 1255 2318 t.

215 2398 368 2484 Sequitur
393 2398 432 2464 de
457 2399 658 2484 reputacione
681 2399 766 2464 muri
793 2419 889 2484 quem
915 2399 1050 2465 Severus
1075 2399 1245 2484 imperator
1268 2401 1345 2466 olim

300 2499 442 2564 construi
461 2499 559 2583 jussit
573 2505 662 2564 trans
683 2498 824 2564 insulam
845 2499 929 2565 inter
943 2499 1051 2564 Gattis
1065 2499 1160 2565 heide
1182 2506 1215 2566 et
1229 2499 1346 2580 Cartil;

301 2619 338 2663 ao
352 2597 393 2663 de
408 2598 514 2663 reditu
529 2598 673 2684 legionis,
688 2605 722 2664 et
735 2597 893 2664 eleccione
907 2597 1004 2683 primi
1017 2599 1105 2709 regis.
1114 2598 1315 2710 Francorum

356 2808 449 2876 Iustus
460 2809 628 2874 capitaliter
639 2807 773 2861 adduntur
782 2808 879 2864 :—Hio
891 2807 962 2860 euim
973 2694 1286 2876 Phai‘aiirinfflriiiius
1297 2823 1344 2860 rex

390 2891 550 2944 Francorum
561 2889 623 2944 luit.

217 3022 369 3109 Sequitur
382 3023 423 3088 de
438 3022 541 3089 Sectis
555 3043 684 3088 mamm
699 3021 946 3100 destruentibus,
961 3027 994 3088 et
1008 3022 1049 3088 de
1063 3021 1153 3087 clade
1165 3041 1262 3106 quam
1276 3021 1346 3086 Bri·

302 3121 433 3188 tonibus
447 3121 635 3187 intulerunt.
1025 3119 1214 3203 Supitulum
1228 3118 1284 3188 tii.

357 3246 421 3300 Post
431 3261 508 3298 muro
523 3246 562 3310 (u.
576 3261 602 3314 p.
618 3245 690 3308 93,1.
704 3249 731 3310 4)
745 3245 882 3299 detrusas
893 3246 1008 3300 additur.

219 3381 372 3466 Sequitur
382 3379 423 3444 de
438 3378 579 3444 adventu
591 3377 702 3444 Sancti
713 3377 851 3444 Palladii
864 3379 900 3444 in
911 3379 1064 3456 Scociam,
1074 3377 1171 3463 primi
1183 3377 1348 3445 Scotorum

305 3479 456 3566 episcopi,
470 3478 547 3544 licet
559 3477 623 3544 fide
637 3477 695 3543 diu
709 3478 859 3544 abantea
873 3485 1089 3564 susceperunt

1025 3575 1220 3661 emulans
1234 3576 1304 3645 titi.

359 3707 424 3758 Post
435 3704 574 3772 episcopus
584 3702 625 3766 (a.
640 3702 658 3756 1.
671 3703 716 3768 40)
726 3701 754 3756 in
766 3701 883 3756 Soocism
894 3702 928 3755 ad
940 3701 1019 3756 tidem
1030 3703 1223 3770 predicandum
1234 3703 1347 3756 Metus.

220 3851 373 3937 Sequitur
387 3849 428 3915 de
449 3848 562 3914 eodem
577 3848 695 3913 Sancto
709 3847 854 3912 Palladio
876 3853 910 3912 et
923 3847 995 3913 aliis
1017 3849 1145 3926 sanctis,
1159 3853 1193 3914 et
1214 3847 1254 3912 de
1273 3847 1350 3914 mis-

306 3951 395 4015 sione
410 3949 523 4015 Sancti
533 3947 667 4012 Patricii
681 3945 724 4012 ad
737 3945 936 4012 Hiberniam.
1025 3944 1218 4030 limitatum
1232 3945 1274 4014 ix.

362 4074 416 4128 Pru
428 4071 543 4142 episcopi
556 4073 597 4137 (tt.
611 4089 638 4140 p.
651 4073 694 4137 95,
706 4070 725 4123 1.
738 4073 764 4136 2)
778 4069 965 4138 archiepiscopi
978 4071 1073 4137 leviora

221 4207 375 4293 Sequitur
395 4206 436 4271 de
458 4203 636 4288 dejeccione
657 4203 743 4268 muni
763 4223 821 4287 per
842 4203 956 4269 Scotos
973 4207 1006 4268 et
1019 4203 1136 4279 Pictos,
1149 4206 1182 4266 et
1203 4200 1242 4267 de
1264 4203 1350 4270 unde

307 4326 425 4372 nomen
446 4303 568 4389 accepit
580 4327 589 4385 ;
609 4308 642 4368 et
656 4303 696 4370 de
718 4303 918 4388 subjeccione
932 4303 1102 4367 Britonum
1115 4299 1348 4368 Albsnensium

307 4406 368 4471 sub
383 4404 508 4470 dicione
522 4404 697 4470 Scotorum
1026 4398 1258 4507 tiapihttmux.
