3282 5124
320 457 380 516 156
691 464 786 513 LIBER
800 464 1070 515 PLUSOARDENSIS.

316 623 482 709 disposuit.
528 622 623 687 Unde
644 626 754 688 tantus
775 621 811 687 in
831 621 939 688 hostes
954 621 1160 688 nnuc‘timor
1173 627 1206 688 et
1219 627 1345 700 tremor,
1359 621 1445 706 quod

317 713 358 776 de
372 709 556 776 custodibus
572 706 1095 793 castrorum'quidomdemunitis1
1109 709 1197 787 locis,
1207 709 1318 774 relicto
1332 715 1445 787 castro,

317 798 499 882 fugierunt3
532 795 664 879 quidam
693 796 803 874 sciam,
832 796 872 861 de
900 795 1056 861 mollitis²
1083 796 1225 860 tunibus
1253 796 1445 873 fortissimis,

318 883 453 968 spoliato
482 889 593 982 castro,
606 883 651 983 ‘in
674 883 811 966 patriam
830 888 1033 949 recesserunt.
1076 883 1120 948 Et
1141 883 1217 968 quia
1239 903 1281 946 ex
1301 882 1446 948 carencia

317 975 1281 1141 illfltpttttffitfftttiubttttlt
1294 974 1446 1140 tilis

318 1143 458 1221 introire,
479 1148 511 1208 et
535 1142 656 1207 ibidem
681 1143 830 1227 expensis
854 1143 1069 1216 inimicorum⁸
1089 1143 1205 1221 vivere,
1230 1151 1264 1208 et
1283 1142 1447 1220 victualia,

223 1251 229 1269 ·
319 1231 488 1315 usquead
516 1235 644 1312 tempus
669 1228 794 1313 yemsle
821 1231 979 1314 parcendo
1010 1230 1154 1315 propriis,
1183 1229 1229 1294 et⁴
1252 1249 1445 1294 conservare

320 1318 440 1383 Statuit
469 1317 570 1382 eciam
594 1315 765 1400 praedictus
786 1315 970 1382 Willslmus
991 1316 1113 1381 Wallas
1135 1315 1222 1401 quod
1245 1315 1280 1379 in
1302 1314 1447 1400 quolibet

320 1404 460 1470 dominio
481 1403 664 1488 patibulum
686 1401 864 1486 erigeretur,
878 1408 916 1466 ut
931 1422 1039 1468 omnes
1061 1401 1199 1482 ordinati
1220 1401 1261 1467 ad
1283 1401 1411 1480 bellum,
1426 1423 1447 1466 a

319 1491 405 1556 bello
419 1491 454 1555 in
475 1495 617 1573 tempore
639 1494 796 1573 oportuno
818 1489 963 1554 absentas
977 1489 1030 1554 vel
1051 1489 1218 1574 fugientes,
1232 1489 1302 1554 sine
1323 1489 1446 1553 miscri-

320 1578 426 1642 cordia
440 1577 560 1641 ibidem
572 1575 848 1660 suspenderentur,
860 1576 929 1640 sine
939 1575 1073 1642 boensis
1082 1575 1136 1640 vel
1145 1574 1331 1640 racionabili
1342 1595 1445 1640 corma

320 1664 445 1742 Quibus
466 1663 513 1727 sic
534 1662 665 1728 statutis
679 1668 712 1726 et
725 1662 870 1747 peractis,
884 1681 995 1728 versus
1015 1662 1167 1746 Angliam
1181 1662 1243 1728 iter
1257 1661 1398 1746 erripuit,
1412 1669 1448 1726 et

319 1756 421 1815 totam
442 1748 706 1814 Nerthumbriam
727 1768 829 1832 usque
852 1749 893 1813 ad
914 1749 1045 1813 Novum
1066 1749 1215 1814 Castrum
1235 1749 1446 1834 persumenda

318 1837 478 1916 vastavit;
499 1841 533 1902 et
554 1835 599 1900 sic
614 1833 762 1919 expensis
776 1834 987 1912 inimicorum,
1000 1835 1085 1900 bona
1098 1835 1209 1920 patriae
1223 1835 1447 1910 conservando,

319 1923 354 1988 in
375 1921 527 2008 Angliam
552 1921 702 2006 yemavit,
724 1926 757 1986 et
780 1941 854 1987 cum
877 1921 989 1988 multis
1012 1921 1138 1987 diviciis
1158 1928 1191 1986 et
1211 1921 1383 1987 honoribus
1404 1922 1446 1986 ad

318 2009 446 2094 propria
463 2008 634 2074 incolumis
647 2008 751 2074 rediit
796 2008 890 2085 Quod
903 2008 1036 2074 audiens
1050 2029 1107 2074 rex
1120 2008 1255 2092 Angliae,
1269 2008 1399 2073 rabidus
1413 2015 1448 2073 et

319 2097 367 2161 ira
381 2116 561 2173 succensus,
576 2095 636 2180 [et]
651 2094 805 2180 seipsum⁵
825 2095 925 2160 nimio
947 2094 1053 2161 dolore
1070 2116 1135 2160 non
1156 2095 1327 2173 sustinens,
1340 2115 1446 2180 regem

319 2182 461 2248 Francia
468 2189 507 2248 ut
517 2181 685 2267 premitus⁰
693 2187 899 2266 proposuerat
908 2182 1065 2267 guerram⁷
1074 2182 1261 2267 prorogavit,
1270 2188 1303 2246 et
1313 2201 1447 2266 regnum

320 2270 438 2336 Scocise
458 2267 609 2334 invadere
633 2269 782 2333 omnibus
802 2269 924 2333 viribus
946 2269 1135 2352 praeparavit
1146 2290 1155 2348 ;
1179 2273 1220 2345 st,
1242 2268 1402 2332 divertens
1427 2287 1448 2332 a

320 2357 444 2435 Galliis,
463 2355 572 2421 literas
590 2355 846 2421 comminatorias
866 2354 1031 2420 Willelmo
1044 2353 1166 2420 Wallas
1189 2354 1336 2438 dirigens,
1358 2374 1447 2418 exer-

320 2444 422 2509 citum
445 2463 598 2527 magnum
622 2443 831 2526 congregavit.
877 2441 1058 2506 Willelmus
1079 2462 1154 2507 vero
1175 2440 1307 2518 Wallas,
1329 2461 1370 2506 ex
1391 2461 1446 2524 op-

319 2531 434 2614 posito,
457 2528 640 2613 proceribus
665 2529 831 2593 Scotorum
855 2548 930 2592 cum
952 2549 1061 2594 eorum
1083 2527 1271 2613 sequacibus
1289 2526 1446 2604 adunatis,

319 2621 426 2698 partes
454 2614 581 2699 Angliss
609 2613 728 2677 intrare
752 2614 937 2698 proposuit3
965 2619 999 2680 et
1027 2635 1128 2699 usque
1153 2614 1240 2700 apud
1265 2612 1448 2679 Stanemud'

194 2780 197 2788 1
319 2701 452 2778 veniret,
466 2701 602 2784 patriam
616 2699 823 2764 rebellantem
837 2699 1047 2784 expugnando
1062 2709 1094 2766 et
1108 2701 1308 2778 destruendo,
1322 2707 1447 2765 vastare

320 2807 385 2850 non
400 2787 543 2851 cessavit
588 2786 700 2870 Usque
721 2785 763 2850 sd
785 2807 880 2870 quem
900 2786 1007 2851 locum
1030 2787 1131 2852 eciam
1153 2807 1210 2852 rex
1227 2786 1353 2872 Angliae
1375 2807 1447 2870 per-

319 2873 459 2960 veniens,
474 2872 558 2936 vidit
571 2871 774 2937 willelmum
788 2871 910 2937 Wallas
933 2873 1099 2939 Scotorum
1123 2873 1246 2952 ducem,
1260 2893 1335 2938 cum
1356 2879 1448 2938 tants

319 2958 529 3023 multitudine
543 2966 736 3023 armatorum
749 2956 843 3023 inita⁹
857 2959 992 3024 notabili
1013 2959 1123 3026 ordina
1136 2959 1261 3038 bellico,
1282 2980 1357 3024 eum
1370 2959 1447 3023 viri-

319 3045 394 3110 liter
408 3050 639 3130 expectantem,
652 3051 770 3129 putans
784 3045 865 3110 forte
879 3045 1040 3130 querelam
1051 3067 1142 3112 suam
1156 3067 1222 3112 non
1236 3067 1305 3112 esse
1315 3047 1447 3131 justam,

320 3137 377 3198 aut
391 3131 495 3196 solum
506 3152 571 3196 non
582 3152 650 3197 esse
661 3151 756 3196 suum
769 3132 1019 3215 proprietarium,
1030 3133 1173 3199 volabas
1184 3133 1335 3199 dubitans
1349 3133 1447 3198 infor-

320 3218 449 3283 tunium
463 3239 566 3296 suum,
581 3239 601 3282 a
614 3223 701 3283 recto
722 3218 849 3286 tramite
864 3217 905 3282 ed
919 3219 1041 3284 bellum
1062 3220 1213 3285 nobiliter
1226 3228 1260 3284 et
1280 3221 1447 3304 magnifice

319 3309 529 3390 praeparatum
553 3309 662 3369 contra
683 3325 756 3369 eum
771 3304 910 3382 divertit,
932 3310 973 3384 st,
994 3306 1127 3371 consilio
1141 3305 1342 3391 quorundam
1359 3304 1447 3390 pacis

318 3392 494 3457 amicorum
514 3398 643 3456 mutans
656 3391 772 3469 locum,
787 3391 827 3456 ab
848 3391 976 3476 incepto
990 3393 1151 3478 proposito
1165 3393 1309 3458 resilivit
1354 3393 1447 3470 Quod

319 3477 465 3543 videntes
478 3477 600 3542 nobiles
623 3477 740 3543 Scocics
761 3477 894 3563 pugiles,
908 3479 989 3544 duce
1007 3479 1125 3544 divinae
1147 3479 1260 3564 graciae
1281 3479 1448 3563 adjutorio,

319 3585 394 3630 oum
408 3564 527 3628 mustis
541 3563 670 3630 Andres
683 3571 717 3631 et
731 3564 914 3643 (iuthberto,
929 3565 1140 3650 glorificantes
1153 3565 1270 3642 Deum,
1284 3573 1322 3630 ut
1337 3565 1448 3650 fugam

319 3651 382 3717 sibi
396 3649 508 3715 darent
529 3650 565 3714 in
585 3651 688 3715 cauda
701 3650 815 3717 ducam
836 3671 945 3717 eorum
966 3652 1226 3716 consultaverunt
1236 3676 1244 3732 ;
1268 3653 1325 3736 qui
1339 3653 1447 3716 animo

318 3737 479 3803 constanti
493 3737 539 3802 eis
554 3736 771 3838 respondendo
793 3737 889 3803 dicit:
913 3745 931 3773 “
939 3737 1161 3822 Nequaquam,
1175 3740 1203 3803 O
1218 3739 1331 3803 fratres
1345 3744 1378 3802 et
1391 3738 1448 3802 do-

318 3825 401 3889 mini
414 3824 491 3890 mei:
506 3843 590 3901 nam,
601 3822 711 3888 intra¹⁰
721 3832 835 3890 caetera
844 3824 1000 3889 bellorum
1011 3825 1195 3902 certamina,
1204 3823 1448 3909 pulc[h]errima

318 3911 460 3976 victoria
473 3911 573 3996 figura
587 3916 637 3975 est
650 3911 908 3994 potentissimum
921 3931 1027 3996 regem
1040 3911 1166 3996 Angliae
1180 3910 1302 3995 atqueu
1317 3931 1447 3996 magno-

319 3998 453 4075 nimum,
467 3997 503 4060 in
517 3996 583 4062 solo
597 3997 684 4081 quod
705 4017 800 4062 suum
821 4017 890 4063 esse
905 3997 1038 4075 dicebat,
1053 3997 1089 4061 in
1104 4018 1162 4062 suo
1183 4018 1335 4083 pomposo
1357 4018 1448 4063 exer-

364 4236 374 4272 ¹
388 4237 493 4289 Altered
496 4237 572 4302 from
583 4235 699 4288 minutis.
738 4235 765 4288 (i.
779 4236 812 4296 D.
826 4235 857 4287 ll.
870 4235 987 4288 minutis.
1128 4233 1139 4268 ²
1152 4235 1181 4289 a
1195 4234 1344 4286 demollitis.

365 4305 415 4360 ³0.
430 4308 459 4358 E
476 4307 627 4359 amicorum.
734 4305 744 4340 ⁴
757 4307 787 4358 C.
802 4307 833 4358 Ε.
846 4309 906 4358 omn
919 4311 953 4358 et
1129 4304 1182 4358 ⁶0.
1196 4306 1226 4357 Fa
1240 4305 1295 4356 add
1307 4321 1367 4371 pne.

364 4377 416 4429 “R
431 4377 462 4428 D.
477 4378 606 4442 primitus.
729 4375 781 4428 ²13.
796 4377 823 4428 0.
839 4377 870 4427 Ι).
883 4377 913 4427 Ε.
929 4391 1058 4445 guerram.
1123 4373 1176 4428 ⁸0.
1190 4375 1222 4426 D.
1235 4377 1266 4427 ll.
1279 4375 1427 4426 Statumae.

366 4447 416 4500 ⁰0.
432 4449 462 4498 Ε.
476 4449 503 4499 in
515 4447 561 4500 ita
720 4445 742 4482 ¹⁰
754 4449 782 4500 G.
798 4448 828 4500 ll.
841 4445 917 4500 latter⁸
995 4489 999 4498 .
1115 4444 1135 4481 ¹¹
1148 4447 1177 4500 O.
1190 4446 1220 4498 la
1234 4449 1394 4513 emittique.
