3286 5112
296 483 357 543 280
676 494 772 545 mena
785 493 1055 545 6166666666616.

295 653 396 717 Erant
410 652 496 718 enim
510 658 589 718 tunc
602 655 754 739 temporis
768 661 833 720 tres
855 657 1018 739 magnates
1041 653 1169 730 Scooiae,
1181 651 1251 729 via,
1274 651 1424 716 dominus

294 738 440 805 Andreas
465 739 506 805 de
534 741 688 818 Moravia,
716 741 865 806 dominus
894 739 1064 806 comoeda
1088 738 1424 816 Mamhiis,dominus
1488 785 1491 790 -

295 825 479 891 Willelmus
508 826 549 891 de
576 827 728 912 Douglas,
757 828 815 912 qui
836 827 1042 892 nullomodo
1064 827 1105 891 ad
1127 826 1223 891 fidem
1244 825 1425 910 Anglorum

296 911 365 978 sive
393 911 550 977 Eduardo
571 912 612 978 de
633 914 770 979 Balliolo
791 913 878 980 flecti
898 921 1072 999 poterant3
1101 912 1158 979 sed
1171 913 1311 997 quadam
1329 910 1423 976 tolle·

295 998 404 1064 rancia
431 1004 464 1065 et
491 1001 699 1084 permissione
719 1001 756 1065 in
778 1000 911 1066 latebris
934 999 1103 1079 latitando,
1123 999 1264 1066 melioris
1286 999 1425 1063 16616666

264 1143 267 1152 .
296 1091 447 1151 eventum
462 1087 667 1172 expectando,
682 1087 869 1172 languentes
884 1087 1041 1154 vixerunt

388 1358 551 1444 36661166
564 1359 601 1428 ta
614 1357 772 1442 §illinire
788 1377 858 1430 666(
871 1357 1193 1429 16611611661-11.
1209 1357 1335 1427 6661111

296 1471 536 1575 &UMQUE
550 1496 711 1562 dominus²
721 1497 864 1564 Andreas
878 1497 919 1564 de
933 1498 1079 1564 Moravia
1093 1495 1269 1564 audivisset
1282 1501 1425 1563 castrum

294 1603 390 1648 suum
404 1583 444 1649 de
459 1583 631 1668 Kildromy
639 1605 713 1649 cum
727 1584 797 1668 ejus
811 1605 910 1650 uxore
924 1593 958 1650 et
971 1583 1080 1650 liberis
1095 1585 1268 1662 obsessum,
1282 1584 1424 1650 collectis

294 1670 469 1734 amicorum
483 1671 614 1748 viribus,
628 1671 786 1736 dictorum
799 1671 859 1738 viz.
875 1670 1001 1738 comitis
1022 1671 1240 1737 Marchinrum
1253 1678 1287 1735 et
1300 1670 1425 1736 domini

295 1755 453 1820 Willelmi
466 1755 507 1822 16
521 1755 673 1842 11666166,
695 1777 796 1842 usque
817 1758 859 1822 ad
879 1779 1048 1824 numerum
1073 1759 1328 1842 octingentorum
1351 1777 1424 1842 prc-

294 1842 408 1906 borum
429 1842 579 1921 virorum,
591 1845 678 1928 apud
694 1845 883 1929 praedictum
896 1845 1005 1911 locum
1019 1865 1053 1910 se
1074 1844 1254 1910 festinando
1277 1845 1424 1929 pnmvit3

296 1933 337 2006 et,
362 1929 447 1993 lacto
475 1949 644 2014 congressu
668 1931 777 2016 666116
798 1931 952 1998 kalendas
976 1932 1163 1997 Decembris
1187 1932 1224 1996 in
1244 1931 1361 1996 foresta
1382 1930 1424 1996 de

295 2015 451 2093 Kilblein,
465 2015 573 2100 ipsum
587 2018 737 2082 comitem
750 2017 893 2084 Atholiae
907 2039 981 2084 cum
995 2019 1139 2103 quinque
1152 2018 1297 2083 millibus
1318 2016 1423 2082 homi·

295 2122 375 2166 num
395 2107 429 2168 et
453 2103 591 2187 mplius
616 2104 737 2170 ibidem
761 2105 972 2171 trucidabant
1017 2106 1108 2170 Inter
1132 2125 1212 2189 quos
1240 2104 1424 2170 ceciderunt

294 2188 443 2253 dominus
473 2189 630 2256 Robertus
662 2191 766 2256 Brade
794 2197 829 2257 et
860 2192 1011 2258 dominus
1041 2191 1204 2257 Walterus
1226 2191 1363 2276 Gumyn,
1385 2211 1424 2256 66

294 2276 365 2359 ejus
390 2275 496 2355 frater,
518 2275 667 2342 dominus
688 2278 826 2344 Thomas
841 2279 978 2363 Oumyn,
999 2278 1103 2363 primo
1124 2285 1237 2363 captus
1258 2286 1293 2344 et
1313 2285 1425 2362 postea

293 2361 500 2447 decapitatus
545 2363 660 2428 (1661661
674 2385 749 2430 oum
763 2364 891 2430 domino
906 2365 1045 2431 Roberto
1059 2364 1100 2429 de
1110 2365 1253 2430 Menaeis
1267 2365 1380 2450 fugati,
1388 2365 1425 2429 in

294 2457 380 2514 turre
394 2449 435 2514 de
450 2449 589 2515 Ganmor
600 2457 747 2536 receptus
761 2459 831 2533 est;
851 2458 893 2531 et,
907 2453 1062 2531 obsessis,
1077 2451 1173 2516 rediit
1186 2451 1425 2517 adfidalitatem

294 2535 376 2621 regis
390 2535 507 2602 David
550 2537 782 2622 Veneruntque
795 2538 837 2603 ad
845 2539 969 2604 dictum
979 2538 1146 2604 dominum
1156 2537 1319 2604 Andmam
1326 2537 1424 2602 multi

294 2621 335 2687 de
355 2622 537 2706 proceribus
550 2625 671 2707 patliae,
686 2625 842 2690 eumenis
851 2625 962 2690 amicis
977 2633 1010 2690 et
1018 2624 1226 2690 familiaribus
1235 2624 1314 2690 11611
1327 2624 1424 2690 castri

293 2708 334 2774 de
349 2708 530 2794 Kildmmy,
543 2729 618 2774 cum
641 2711 780 2794 quodam
801 2711 903 2776 nobili
925 2711 1029 2775 milite
1050 2709 1192 2776 domino⁸
1213 2711 1361 2777 Jchanna
1382 2711 1423 2776 16

295 2794 393 2880 Omg:
426 2797 519 2879 66166
540 2797 661 2862 salubri
674 2797 807 2862 consilio
821 2817 931 2863 omnes
945 2797 1068 2863 nobiles
1081 2798 1193 2882 patriae
1206 2798 1264 2882 qui
1287 2798 1326 2864 16
1348 2819 1423 2863 con-

294 2880 385 2946 flictu
410 2885 601 2960 evaserunt,⁴
625 2904 700 2949 oum
725 2885 842 2951 comite
862 2884 904 2949 61
927 2884 1025 2950 fidem
1048 2884 1228 2969 Anglorum
1249 2885 1359 2962 coacti,
1380 2883 1423 2949 61

294 3141 439 3208 Andreas
455 3141 496 3206 ad
510 3147 649 3208 castrum
663 3142 703 3209 de
726 3143 832 3228 Cupro
856 3143 892 3208 in
914 3143 985 3209 Fiie
1006 3144 1203 3229 perveniens,
1225 3144 1422 3210 obsidionem

294 3227 414 3294 ibidem
434 3228 606 3294 intendens
620 3230 784 3309 affirmare,
799 3250 872 3296 6666
886 3231 1039 3296 continuo
1052 3231 1154 3311 literae
1168 3252 1187 3297 a
1200 3251 1272 3316 rega
1280 3231 1422 3296 11666166

295 3322 553 3399 supervenerunt
597 3315 730 3402 Propter
743 3317 829 3402 quod
839 3317 881 3382 ad
891 3324 1018 3403 tempus
1029 3318 1226 3384 obsidionem
1236 3317 1422 3404 praedictam

295 3402 499 3486 prorogando,
527 3403 614 3487 apud
639 3404 856 3489 Dunfermlyn
878 3403 1049 3471 consilium
1071 3405 1231 3470 inierunt:
1260 3404 1326 3483 ubi,
1348 3424 1423 3469 cum

295 3507 451 3553 consensu
466 3489 609 3555 omnium
631 3511 797 3576 procerum
818 3498 851 3557 et
872 3491 1076 3577 praelatorum
1096 3491 1163 3577 regi
1183 3490 1291 3556 David
1313 3491 1423 3556 faven-

295 3575 390 3652 cium,
415 3582 522 3641 eustos
550 3575 670 3643 Scooire
697 3579 817 3644 electus
847 3586 903 3644 est
957 3578 1002 3643 Et
1029 3579 1182 3644 continuo
1210 3577 1422 3662 6166666166

294 3665 462 3727 montanas
476 3663 656 3746 procedens,
670 3670 773 3730 totam
794 3665 931 3750 patriam
945 3665 987 3730 61
1000 3663 1096 3731 iidem
1117 3665 1200 3751 regis
1214 3664 1324 3730 David
1338 3663 1421 3729 affir-

294 3749 405 3827 mavit,
419 3753 453 3813 et
470 3748 511 3813 ad
532 3755 672 3815 castrum
686 3750 727 3816 de
747 3752 916 3836 116616ιῇ
930 3751 1146 3818 obsedandum
1167 3773 1201 3818 se
1223 3751 1422 3836 praeparavit,

294 3835 381 3919 quod
405 3834 501 3920 paulo
526 3842 601 3902 ante
626 3836 787 3903 Henricus
809 3838 849 3904 16
871 3837 962 3904 Bello
984 3839 1098 3904 Monte
1121 3839 1353 3916 fortificaverat,
1375 3837 1422 3922 [et

294 3921 410 4006 totam]
425 3920 638 3988 Β66116616667
652 3924 894 4010 subjugaverat:
916 3925 975 3990 nbi
989 3925 1094 3990 116166
1110 3925 1270 3991 Henricus
1284 3924 1325 3990 de
1343 3943 1421 4008 pace

293 4008 468 4087 tractando,
487 4008 585 4076 salvis
606 4010 699 4076 bonis
721 4016 754 4076 et
776 4013 851 4088 vite,
872 4010 908 4076 in
929 4011 1089 4096 Angliem,
1111 4031 1296 4097 nunoquam
1317 4031 1420 4076 rever-

342 4195 393 4280 1.(1.
417 4197 447 4281 Ε.
467 4197 531 4252 teuc
549 4197 676 4268 Sequitur
692 4196 726 4250 de
745 4197 871 4280 condictu
890 4197 925 4250 de
943 4197 1070 4264 Kilblein,
1084 4213 1145 4250 cum
1166 4195 1347 4284 incidentibus
1366 4197 1419 4250 sibi

292 4267 552 4392 seur.
1111 4267 1166 4391 6
1179 4267 1379 4391 66666-

293 4405 525 4531 miciauffim
545 4409 734 4480 subjugaverat
752 4412 780 4462 16
800 4415 901 4476 naar-pla
922 4411 994 4464 later.
1030 4409 1059 4463 C.
1079 4409 1109 4462 Ε.
1131 4409 1338 4478 Bcuqubaniam
1385 4409 1417 4462 D.
