3282 5124
670 515 932 564 nrannocrsvus.
1302 501 1363 564 aot

237 671 387 738 sirniliter
400 671 592 740 concederet
636 672 813 757 Rescripsit
835 672 898 737 sibi
911 672 972 736 hoc
986 670 1172 737 nullomodo
1194 674 1365 739 concedere

237 758 328 838 vello,
337 779 397 824 nec
405 759 465 824 hcc
475 759 588 826 debere
595 760 707 838 facere,
718 780 792 826 oum
800 758 1057 843 incon[ve]niens
1066 764 1150 825 esset
1157 764 1190 824 et
1198 759 1366 825 insolitum

236 845 305 911 fieri
315 845 379 911 sibi
393 847 516 912 autulii
527 848 562 911 in
573 867 670 933 regno
681 847 785 912 alieno
795 847 875 911 talia
886 846 1056 912 concedere
1066 869 1074 910 ε
1096 846 1206 912 dicens
1217 846 1365 931 aut[em],

236 932 433 1018 simpliciter,
454 953 588 1018 regnum
611 935 729 1000 Soooiae
750 953 820 999 esse
840 933 990 1013 alterins;
1015 938 1056 1010 et,
1076 953 1135 1017 per
1159 954 1366 1018 consequens,

235 1019 364 1084 videtur
378 1021 508 1086 omnino
520 1021 606 1104 quod
620 1041 685 1086 non
700 1021 743 1086 sit
757 1019 868 1097 illius,1
878 1040 953 1085 cum
967 1020 1003 1084 in
1017 1020 1165 1097 realibus,
1176 1020 1366 1105 simpliciter

235 1104 378 1191 loquens,
391 1109 615 1191 undecumque
636 1113 669 1172 ct
689 1107 964 1192 qualitercumque
986 1106 1193 1190 completum²
1207 1107 1362 1173 videatur.

235 1192 329 1270 Item,
351 1195 380 1258 si
400 1199 486 1260 terra
511 1195 630 1260 Soociae
652 1195 719 1279 regi
739 1193 868 1277 Angliae
893 1193 1009 1258 fuisset
1034 1194 1187 1278 subjecta,
1208 1215 1269 1259 nec
1293 1195 1363 1278 ipse

235 1299 291 1345 nex
319 1279 456 1365 Angliaa
484 1286 559 1365 post
586 1282 726 1367 graciam
754 1280 817 1346 sibi
845 1280 964 1345 factmn
993 1280 1033 1346 de
1063 1279 1186 1344 decima
1217 1281 1362 1346 omnium
1417 1322 1422 1334 ·

235 1373 391 1432 terrarum
412 1368 476 1432 sibi
498 1368 724 1452 subjectarum,
738 1387 796 1452 pro
811 1367 933 1431 decima
954 1372 1046 1432 terrac
1061 1367 1179 1432 Scociae
1193 1367 1364 1452 specialem

236 1453 516 1538 supplicacionem‚
530 1460 604 1539 post
625 1453 858 1519 concessarum⁸
872 1453 1069 1519 decimarum
1086 1453 1221 1538 Angliae,
1236 1453 1364 1518 domino

233 1560 326 1625 papae
349 1541 495 1620 fecisset3
522 1561 582 1607 neo
606 1541 678 1626 ipse
707 1541 856 1605 dominus
883 1560 976 1625 papa,
1000 1541 1058 1625 qui
1087 1540 1150 1606 sibi
1178 1539 1363 1624 hujusmodi

234 1627 374 1710 graciam
392 1632 598 1706 concesserat,
623 1629 727 1713 ipsam
744 1627 782 1691 in
799 1633 885 1691 terra
908 1627 1025 1692 Scociae
1051 1627 1155 1692 eidem
1176 1627 1245 1712 regi
1267 1626 1363 1692 dene·

234 1719 346 1798 gassct.
401 1713 456 1778 Ad
477 1714 513 1779 id
536 1714 615 1779 facit
639 1712 754 1780 eciam*
776 1712 959 1798 proeccdens
984 1714 1026 1779 ad
1047 1714 1144 1780 fidem
1173 1713 1362 1779 catholicam

235 1799 403 1864 Scotorum
431 1802 605 1879 conversio,
634 1801 692 1886 qui
721 1801 856 1866 candem
884 1800 981 1865 fidem
1017 1806 1092 1866 ante
1123 1801 1363 1867 conversionem

234 1886 414 1970 Anglorum
427 1907 485 1971 per
505 1889 698 1973 quingentos
719 1907 820 1952 annos
842 1893 1069 1972 suscepcnmt:
1094 1892 1135 1965 et,
1149 1887 1236 1951 utin
1251 1893 1363 1952 auten·

234 1972 322 2037 ticie⁵
343 1973 541 2038 cronicanrm
566 1975 694 2058 scriptis
719 1975 884 2058 reperitur,
905 1975 1038 2058 triginta
1057 1993 1114 2038 sex
1135 1994 1224 2058 reges
1244 1975 1363 2039 Scociae

235 2058 412 2124 Christiani
432 2060 590 2140 catholici,
605 2067 679 2126 ante
701 2060 939 2126 conversionem
952 2060 1131 2145 Anglorum
1146 2061 1313 2140 dictorum,
1328 2061 1364 2124 in

235 2145 359 2210 Scocia⁶
372 2153 585 2230 regnaverunt
598 2147 699 2212 liberi
743 2147 787 2211 Et
800 2147 847 2211 sic
861 2166 927 2211 non
941 2153 991 2211 est
1003 2146 1261 2230 praesumendum
1274 2167 1364 2230 reges

235 2231 408 2297 catholicos
423 2238 457 2298 et
469 2233 579 2299 fideles
594 2233 716 2299 Christi
737 2232 870 2318 paganis
892 2232 1076 2297 infidelibus
1097 2253 1166 2297 esse
1184 2232 1364 2317 subjectos;
1448 2243 1456 2257 “

236 2317 412 2401 quislibet
426 2324 501 2384 ante
514 2320 589 2384 fidei
610 2321 849 2404 suscepcionem
871 2319 958 2384 Sooti
972 2316 1104 2384 eisdem⁷
1121 2318 1269 2404 [fuissent
1283 2319 1364 2403 regi-

235 2404 296 2470 bus
316 2404 496 2491 Anglorum
517 2407 663 2490 subjecti,
684 2407 754 2490 per⁸
774 2405 849 2492 fidei
875 2405 1127 2490 susccpcionem]
1149 2405 1287 2470 fuissmrt
1308 2427 1364 2470 ex-

235 2493 345 2577 empti,
369 2513 406 2558 ao
428 2493 463 2558 in
490 2513 548 2558 sua
573 2491 764 2559 infidelitate
786 2493 1051 2644 permanendum
1075 2491 1255 2575 Anglornm
1278 2491 1364 2557 bona

235 2579 343 2644 omnia
364 2579 468 2644 Sectis
488 2579 634 2645 licuisset
651 2580 739 2664 juste
752 2585 787 2644 to
812 2599 863 2645 ere
878 2584 911 2644 et
925 2598 1085 2662 occuparo.
1129 2579 1215 2644 Nam
1230 2599 1270 2642 ex
1284 2583 1363 2644 tunc

234 2665 385 2750 primitus
415 2666 525 2731 odium
553 2667 744 2732 suscitatum
774 2671 824 2732 est
851 2665 937 2730 inter
972 2667 1139 2732 Scotorum
1173 2669 1302 2752 gentem
1331 2671 1364 2731 et

234 2771 374 2836 paganos
402 2752 526 2838 Anglos
551 2752 757 2833 naturaliter;
779 2753 857 2837 quio
880 2752 959 2818 fides
984 2758 1034 2817 est
1057 2758 1158 2818 tantae
1183 2751 1364 2817 sanctitatis

234 2839 320 2923 quod
345 2839 491 2905 infideles
516 2859 536 2904 a
564 2840 713 2906 fidelibus
742 2859 868 2925 semper
890 2839 1079 2905 naturaliter
1107 2843 1184 2905 sunt
1206 2840 1306 2916 exosi,
1331 2845 1364 2904 et

235 2945 425 2992 econverso:
447 2926 535 3010 quod
550 2927 660 2993 odium
681 2927 834 2993 intereos
848 2945 951 3011 usque
970 2926 1164 2992 hodiernum
1175 2925 1260 2990 diem
1274 2931 1365 2991 tena-

233 3013 313 3079 citer
325 3013 548 3098 perseveravit

399 3196 563 3282 §oquitur
578 3197 615 3266 ht
629 3198 732 3268 achron
746 3218 898 3284 musar
913 3197 951 3266 ab
968 3196 1118 3267 ltus-fi.
1134 3195 1190 3266 lbi.

235 3307 349 3409 EX
370 3341 448 3400 tunc
470 3335 571 3401 eciam
593 3356 649 3402 rex
671 3341 705 3403 et
725 3337 840 3402 incolae
860 3335 951 3421 regni
973 3335 1092 3401 Scociae
1113 3333 1279 3400 aeclesiam
1301 3335 1365 3398 Ro

236 3440 373 3499 manem,
394 3421 430 3485 in
456 3442 520 3506 qna
543 3423 641 3489 fidem
666 3423 878 3508 susciperent⁹
898 3421 1097 3500 catholicam,
1118 3441 1219 3500 snam,
1240 3427 1308 3486 tarn
1328 3421 1364 3485 in

235 3507 465 3591 temporalibus
498 3529 595 3593 quam
631 3510 667 3576 in
703 3509 933 3594 spiritualibus,
969 3508 1132 3574 dominam
1169 3529 1209 3573 err
1245 3508 1365 3572 directo

236 3593 379 3658 dominio
399 3601 656 3679 recognoverunt
703 3595 846 3674 Quorum
868 3595 1070 3660 devocionem
1086 3596 1260 3680 imperator
1281 3594 1365 3660 (lon-

235 3680 407 3758 stmrtinus,
430 3686 587 3765 quantum
612 3682 650 3748 ad
676 3682 873 3766 temporalia,
896 3681 1023 3766 plenius
1046 3681 1244 3766 adimplevit.
1289 3681 1366 3764 Ipse

235 3767 322 3833 enirn
336 3787 393 3831 rex
408 3767 639 3833 Constantinus
654 3773 687 3834 et
700 3769 874 3854 imperator
887 3767 1076 3834 universalis
1091 3788 1202 3835 omncs
1216 3767 1366 3832 insulas¹⁰

235 3853 449 3919 occidentales
475 3855 616 3921 ecclesiae
642 3857 793 3920 Romanae
815 3856 852 3919 in
874 3854 1015 3920 dominio
1041 3855 1197 3920 contulit:
1230 3853 1291 3918 hoc
1315 3859 1365 3918 cst

235 3940 491 4025 intelligendum,
513 3962 607 4006 omne
625 3943 680 4026 jus
702 3941 788 4027 quod
809 3942 844 4006 in
866 3941 987 4008 eisdem
1007 3942 1122 4007 habuit
1145 3946 1303 4025 quantum
1324 3940 1366 4005 ad

235 4029 392 4092 directum
403 4026 615 4093 dominium¹¹
660 4029 694 4094 Si
704 4049 776 4114 crgo
788 4029 944 4094 directum
956 4028 1133 4094 dominium
1144 4027 1233 4112 regni
1249 4027 1366 4092 Scociae

285 4215 336 4268 10.
351 4217 383 4269 D.
397 4217 428 4269 Ε.
445 4217 499 4268 add
511 4220 561 4268 etc.
645 4213 697 4267 ’u
711 4217 850 4283 complere.
963 4214 975 4250 ³
987 4215 1016 4267 B.
1030 4215 1059 4267 Ο.
1073 4215 1105 4265 D.
1119 4213 1149 4265 E.
1165 4214 1363 4265 concessionem.

282 4284 294 4319 ⁴
306 4288 335 4340 B.
350 4287 426 4338 idern
647 4285 658 4319 ⁶
672 4286 703 4339 D.
717 4288 862 4339 attenlicis.
962 4283 1014 4338 ⁶0.
1027 4285 1059 4336 D.
1073 4285 1102 4336 Eu
1116 4284 1241 4337 Scociam.

281 4355 293 4392 ¹
305 4359 378 4410 Secti
390 4357 488 4409 eisdem
501 4359 528 4408 ln
539 4359 641 4422 marplrr
653 4357 724 4409 luter.
961 4353 1012 4408 ⁸B.
1026 4359 1093 4422 post.

282 4425 334 4480 ⁹0.
347 4429 378 4479 E.
392 4433 567 4493 susceperunt

272 4497 295 4531 ¹⁰
306 4515 396 4550 omnes
407 4497 506 4550 insulas
518 4501 544 4548 r'rr
557 4499 667 4562 morpin.
959 4495 979 4530 ¹¹
992 4495 1137 4548 dominium
1149 4498 1176 4547 ἐπ
1187 4497 1296 4560 marola.
