3282 5124
302 379 362 439 134
662 387 757 438 unns
771 385 982 438 PLUSGARDEN
983 385 1040 436 818.

298 567 393 612 suum
406 546 527 624 adiens,
539 544 694 631 quosdam
705 545 752 610 nd*
760 549 884 630 portem
895 541 1049 621 murrii)
1063 539 1262 608 annuncians
1275 537 1329 606 eis.
1336 538 1423 624 quod

297 633 338 698 de
361 653 469 699 eorum
494 632 660 698 concordia
684 632 746 697 eibi
770 630 934 716 displicuit
943 630 968 711 ς*
992 629 1105 695 volens
1125 627 1213 712 quod
1237 639 1333 712 super
1351 627 1423 710 jure

297 719 386 804 regni
407 719 590 784 nullomodo
612 718 806 785 sentenciam
827 717 1032 783 diffinitivam
1051 713 1235 801 proferrent,
1249 713 1314 778 nisi
1332 712 1424 798 prius

297 806 530 890 subjeccionem
543 807 633 891 regni
653 805 773 872 Scooiae
784 803 887 870 modis
904 803 1052 870 omnibus
1066 801 1129 868 sibi
1142 807 1176 868 et
1188 799 1424 867 successoribus

298 893 365 958 suis
378 893 607 978 promitterent

297 1117 508 1233 squamus
520 1123 626 1222 mac
645 1111 921 1234 amaea
937 1147 976 1216 o
990 1147 1165 1217 nocam
1181 1142 1422 1231 cessaque,

511 1269 608 1334 supet
621 1247 815 1334 subjiciam
829 1247 1105 1332 repugnaru-
1110 1246 1148 1318 ὦ.
1164 1246 1222 1318 aa

295 1361 1427 1558 fflimuladsahrffl

298 1559 355 1642 qui
376 1565 425 1623 eet
439 1559 479 1625 de
492 1559 622 1626 meliore
642 1559 789 1645 prosapia
801 1559 890 1644 regni
908 1558 1095 1644 Anglornm,
1109 1558 1208 1624 foena
1227 1578 1283 1624 rex
1298 1557 1425 1635 Securae,

282 1650 284 1654 ’
297 1645 355 1709 ubi
367 1645 511 1710 manebit
523 1667 580 1711 rex
589 1645 716 1732 Angliac
725 1645 922 1712 Edwardusl
967 1645 1050 1712 cum
1060 1643 1161 1711 eciam
1171 1643 1257 1710 idam
1269 1643 1425 1710 Robertus

296 1731 333 1794 in
355 1731 465 1796 Scocia
485 1737 597 1817 potens
619 1733 663 1798 eit
682 1732 785 1810 valde,
798 1732 877 1798 visis
897 1730 1009 1797 multis
1024 1737 1057 1797 at
1070 1729 1357 1798 innumerabilibus
1375 1729 1426 1794 in·

294 1817 425 1902 juriosis
449 1815 658 1884 incommodis
686 1840 743 1904 per
769 1818 914 1905 praedicti
941 1819 1031 1904 regni
1057 1837 1146 1902 reges
1174 1837 1270 1906 regno
1299 1815 1427 1902 Angliae
1470 1881 1476 1888 .

297 1904 461 1970 reuocatis
475 1906 669 1992 temporibus
683 1905 810 1971 illatis.”
854 1905 908 1970 Ad
922 1905 1008 1989 qnod
1022 1925 1079 1970 rex
1093 1905 1185 1989 quasi
1198 1909 1314 1982 motus,
1328 1909 1427 1988 caput

298 2011 393 2056 suum
413 1991 634 2075 percussione,³
654 1991 817 2078 respondit
838 1990 1016 2074 Gallicanis
1037 1991 1152 2068 verbis,
1173 1990 1292 2068 dicens,
1312 1989 1426 2054 Pus-le

298 2099 376 2162 accip
396 2079 433 2142 da
454 2078 539 2143 mea
563 2087 599 2144 tc
617 2099 653 2144 aa
674 2081 743 2145 ida
763 2080 910 2144 citrariae:⁴
940 2077 1026 2162 quod
1048 2084 1097 2143 eet
1118 2076 1249 2154 dictum,
1270 2077 1331 2142 Per
1352 2097 1426 2141 sen·

297 2166 428 2250 guinem
441 2165 507 2232 Dei
514 2173 552 2231 tu
565 2166 646 2234 bene
657 2166 813 2246 cantasti;
826 2164 910 2231 “sed
923 2165 1074 2250 promitto
1089 2163 1149 2230 tibi
1159 2164 1245 2248 qnod
1259 2163 1352 2229 ahter
1365 2163 1427 2228 ibit

297 2253 570 2338 negociumquam
578 2253 748 2332 credidisti,
757 2251 901 2320 amice.”⁶
932 2249 1426 2320 Eltnndemomneadeconsilio

296 2359 365 2417 suo,
379 2360 463 2405 unus
477 2347 551 2424 poet
564 2339 673 2418 alium,
686 2339 878 2426 quandoque
898 2337 982 2420 clam
1003 2336 1194 2422 quandoque
1206 2335 1323 2422 polam,
1335 2335 1426 2402 dixe·

298 2431 375 2490 runt
385 2424 480 2510 quod,
491 2427 519 2491 si
532 2427 652 2511 absque
665 2427 754 2510 mgni
768 2426 886 2492 Scociae
900 2426 1101 2509 subjeccione
1109 2423 1306 2489 sentenciam
1335 2443 1427 2507 ropa-

298 2511 388 2588 lnret‚
398 2511 620 2578 inaestimabile
629 2512 806 2598 dampnum
818 2529 915 2597 ragno
928 2511 1115 2596 Angiorum,
1125 2518 1160 2576 et
1173 2510 1240 2576 suis
1390 2515 1427 2574 et

299 2596 421 2674 incolis,
431 2598 467 2661 in
475 2598 620 2663 intumum
633 2604 839 2684 praepcrnret:
857 2597 946 2682 quod
958 2597 1006 2662 iia
1019 2597 1205 2663 conclusum
1219 2603 1269 2662 ast
1359 2595 1426 2662 ber.

301 2685 488 2768 Superque
509 2691 637 2768 puncto,
659 2705 771 2750 vocare
786 2684 863 2750 fecit
884 2684 1058 2750 Robemum
1078 2684 1119 2750 de
1140 2683 1242 2768 Broys
1263 2683 1427 2761 seniorem,

301 2789 445 2854 quaerens
458 2769 501 2834 ab
515 2791 552 2838 eo
566 2770 595 2835 ei
609 2770 732 2836 dictum
751 2790 885 2855 regnum
905 2771 946 2836 ab
967 2791 1005 2838 ao
1025 2770 1129 2836 uoluit
1142 2770 1178 2834 in
1192 2769 1297 2855 capita
1310 2776 1426 2848 cenare,

301 2861 455 2958 tanquam
469 2876 563 2958 auauo
583 2855 712 2958 domino
733 2857 909 2958 superiore3
929 2864 963 2923 at
984 2856 1080 2958 quod,
1099 2856 1160 2922 hoc
1178 2857 1306 2935 iaciens,
1319 2856 1427 2942 ipsum

301 2942 1428 3130 ltddbwdtuffillitioitsdffldld

297 3118 370 3202 jure
390 3115 580 3218 hereditario
593 3117 738 3217 optinere
751 3122 867 3202 potero,
880 3115 962 3183 bene
982 3115 1130 3218 quidem
1151 3117 1179 3182 si
1198 3114 1429 3217 non‚1agnare⁸

301 3202 1428 3375 rocrauouujiilccuubtdlmec

324 3375 546 3442 raedecessores
566 3373 642 3444 mei⁷
656 3396 744 3461 reges
765 3377 806 3442 ab
818 3376 917 3442 inicio
937 3377 1074 3442 liberum
1087 3381 1267 3454 tennenrnt,
1282 3381 1316 3442 et
1328 3377 1428 3442 tantis

336 3463 465 3529 boribus
473 3469 506 3528 et
513 3464 626 3548 poenia,
636 3463 677 3528 ab
688 3463 777 3528 omni
786 3464 940 3530 servitute
953 3470 988 3530 et
1001 3463 1210 3547 subjeccicnis
1220 3461 1317 3529 titulo
1326 3481 1429 3548 usque

303 3569 390 3615 nunc
412 3555 583 3627 servantes,
596 3549 814 3628 defenderunt,
827 3550 889 3616 hoo
902 3551 1032 3616 omnino
1045 3549 1180 3616 rccuso.”
1224 3549 1296 3628 Quo
1310 3547 1430 3628 audito,

304 3636 455 3722 praedioto
471 3636 607 3702 Roberto
621 3637 691 3702 sine
704 3637 841 3721 strepitu
854 3636 969 3704 collide
982 3633 1127 3714 remoto?
1137 3643 1171 3703 et
1182 3635 1271 3702 dicto
1279 3637 1303 3704 J
1303 3637 1429 3702 obnnno

305 3723 346 3790 de
360 3723 495 3788 Bulliolo
505 3730 625 3800 vocato,
636 3723 720 3788 dixit
734 3723 764 3788 ei
777 3730 816 3790 ut
828 3723 918 3808 priua
931 3721 1068 3789 relatum
1077 3730 1140 3789 eat:
1154 3723 1312 3789 sirnilrbua
1322 3723 1429 3789 verbis

304 3831 378 3876 eum
400 3809 590 3895 alloquendo
603 3809 781 3895 temptavit
825 3809 889 3888 Qui
903 3809 1078 3888 confestim,
1090 3810 1181 3876 brevi
1193 3806 1430 3876 avisitmcnto’

303 3897 339 3961 in
361 3917 420 3963 suc
439 3897 605 3982 peticione,
621 3895 772 3983 praedicto
792 3897 859 3982 regi
879 3896 1117 3981 obtemperavit,
1137 3904 1172 3964 ct
1192 3896 1234 3962 ad
1255 3895 1430 3964 tenendum

351 4078 363 4115 ¹
375 4082 403 4134 0.
416 4081 537 4133 recinuit
747 4076 800 4132 ¹13.
812 4078 996 4146 dirpbcuiraat

351 4149 363 4186 ³
375 4151 405 4204 Β,
417 4151 572 4217 percutiens.
586 4193 589 4200 .
608 4150 641 4204 D.
654 4151 817 4218 percussione
831 4151 927 4202 carrd
937 4152 1002 4204 later
1013 4155 1038 4203 ro
1049 4152 1204 4220 parandam

350 4219 362 4256 ⁴
375 4222 407 4273 D.
419 4222 522 4274 obsuto.
748 4217 802 4273 ‘R
816 4222 848 4275 D.
861 4221 915 4274 add
927 4227 975 4276 ctu
1110 4219 1162 4275 ⁸0.
1176 4223 1207 4278 ll.
1219 4223 1274 4276 aaa
1284 4222 1392 4290 injuste.

352 4290 660 4357 imeiicmcryialcler.
698 4290 881 4345 &Romilia
1115 4291 1421 4350 ‘racusanus

352 4359 363 4396 ⁰
375 4362 405 4414 la
417 4363 598 4416 avisiamento.
635 4361 663 4414 G.
676 4361 707 4416 ll.
720 4361 919 4416 armamentum.
