<?xml version="1.0" encoding="UTF-8"?>
<!DOCTYPE html PUBLIC "-//W3C//DTD XHTML 1.0 Transitional//EN"
    "http://www.w3.org/TR/xhtml1/DTD/xhtml1-transitional.dtd">
<html xmlns="http://www.w3.org/1999/xhtml" xml:lang="en" lang="en">
 <head>
  <title>
</title>
<meta http-equiv="Content-Type" content="text/html;charset=utf-8" />
  <meta name='ocr-system' content='tesseract 3.04.00' />
  <meta name='ocr-capabilities' content='ocr_page ocr_carea ocr_par ocr_line ocrx_word'/>
</head>
<body>
  <div class='ocr_page' id='page_1' title='image "./liberpluscarden01skengoog_0181.png"; bbox 0 0 3284 5122; ppageno 0'>
   <div class='ocr_carea' id='block_1_1' title="bbox 594 509 1290 570">
    <p class='ocr_par' dir='ltr' id='par_1_1' title="bbox 594 509 1290 570">
     <span class='ocr_line' id='line_1_1' title="bbox 594 509 1290 570; baseline -0.003 0"><span class='ocrx_word' id='word_1_1' title='bbox 594 520 688 570; x_wconf 77' lang='lat' dir='ltr'><strong>mene</strong></span> <span class='ocrx_word' id='word_1_2' title='bbox 704 519 859 570; x_wconf 71' lang='lat' dir='ltr'><strong>OCTAVUS.</strong></span> <span class='ocrx_word' id='word_1_3' title='bbox 1231 509 1290 569; x_wconf 76' lang='lat'><strong>123</strong></span> 
     </span>
    </p>
   </div>
   <div class='ocr_carea' id='block_1_2' title="bbox 158 676 1292 832">
    <p class='ocr_par' dir='ltr' id='par_1_2' title="bbox 158 676 1292 832">
     <span class='ocr_line' id='line_1_2' title="bbox 158 676 1292 766; baseline 0.001 -23"><span class='ocrx_word' id='word_1_4' title='bbox 158 677 333 762; x_wconf 82' lang='lat' dir='ltr'><strong>poterent.1</strong></span> <span class='ocrx_word' id='word_1_5' title='bbox 364 677 786 766; x_wconf 78' lang='lat' dir='ltr'><strong>Cujusielsoesuggestionis</strong></span> <span class='ocrx_word' id='word_1_6' title='bbox 795 683 887 746; x_wconf 88' lang='lat' dir='ltr'><strong>tenor</strong></span> <span class='ocrx_word' id='word_1_7' title='bbox 896 677 1042 763; x_wconf 88' lang='lat' dir='ltr'><strong>sequitur</strong></span> <span class='ocrx_word' id='word_1_8' title='bbox 1050 676 1292 762; x_wconf 69' lang='lat' dir='ltr'><strong>consequenter*</strong></span> 
     </span>
     <span class='ocr_line' id='line_1_3' title="bbox 158 763 465 832; baseline 0.007 -3"><span class='ocrx_word' id='word_1_9' title='bbox 158 765 196 829; x_wconf 88' lang='lat' dir='ltr'><strong>in</strong></span> <span class='ocrx_word' id='word_1_10' title='bbox 210 765 298 832; x_wconf 91' lang='lat' dir='ltr'><strong>hunc</strong></span> <span class='ocrx_word' id='word_1_11' title='bbox 311 763 465 831; x_wconf 83' lang='lat' dir='ltr'><strong>modum³</strong></span> 
     </span>
    </p>
   </div>
   <div class='ocr_carea' id='block_1_3' title="bbox 663 937 785 1008">
    <p class='ocr_par' dir='ltr' id='par_1_3' title="bbox 663 937 785 1008">
     <span class='ocr_line' id='line_1_4' title="bbox 663 937 785 1008; baseline -0.016 0"><span class='ocrx_word' id='word_1_12' title='bbox 663 937 785 1008; x_wconf 68' lang='lat' dir='ltr'><strong>cett</strong></span> 
     </span>
    </p>
   </div>
   <div class='ocr_carea' id='block_1_4' title="bbox 157 1047 1293 2558">
    <p class='ocr_par' dir='ltr' id='par_1_4' title="bbox 157 1047 1293 2326">
     <span class='ocr_line' id='line_1_5' title="bbox 158 1047 1290 1162; baseline -0.002 -22"><span class='ocrx_word' id='word_1_13' title='bbox 158 1047 304 1150; x_wconf 67' lang='lat' dir='ltr'><strong>REX</strong></span> <span class='ocrx_word' id='word_1_14' title='bbox 316 1075 500 1162; x_wconf 84' lang='lat' dir='ltr'><strong>hujusdem⁴</strong></span> <span class='ocrx_word' id='word_1_15' title='bbox 514 1076 612 1162; x_wconf 81' lang='lat' dir='ltr'><strong>regni,</strong></span> <span class='ocrx_word' id='word_1_16' title='bbox 626 1097 692 1144; x_wconf 90' lang='lat' dir='ltr'><strong>non</strong></span> <span class='ocrx_word' id='word_1_17' title='bbox 713 1083 880 1142; x_wconf 77' lang='lat' dir='ltr'><strong>coronatus</strong></span> <span class='ocrx_word' id='word_1_18' title='bbox 894 1096 954 1142; x_wconf 89' lang='lat' dir='ltr'><strong>nee</strong></span> <span class='ocrx_word' id='word_1_19' title='bbox 968 1073 1130 1154; x_wconf 89' lang='lat' dir='ltr'><strong>inunctus,</strong></span> <span class='ocrx_word' id='word_1_20' title='bbox 1144 1072 1200 1140; x_wconf 93' lang='lat' dir='ltr'><strong>sed</strong></span> <span class='ocrx_word' id='word_1_21' title='bbox 1218 1079 1290 1138; x_wconf 86' lang='lat' dir='ltr'><strong>ten-</strong></span> 
     </span>
     <span class='ocr_line' id='line_1_6' title="bbox 158 1161 1291 1250; baseline -0.001 -24"><span class='ocrx_word' id='word_1_22' title='bbox 158 1162 326 1228; x_wconf 90' lang='lat' dir='ltr'><strong>tummcdo</strong></span> <span class='ocrx_word' id='word_1_23' title='bbox 344 1163 380 1226; x_wconf 91' lang='lat' dir='ltr'><strong>in</strong></span> <span class='ocrx_word' id='word_1_24' title='bbox 403 1163 478 1229; x_wconf 90' lang='lat' dir='ltr'><strong>sede</strong></span> <span class='ocrx_word' id='word_1_25' title='bbox 500 1163 639 1250; x_wconf 88' lang='lat' dir='ltr'><strong>quedem</strong></span> <span class='ocrx_word' id='word_1_26' title='bbox 659 1163 759 1250; x_wconf 81' lang='lat' dir='ltr'><strong>reguli</strong></span> <span class='ocrx_word' id='word_1_27' title='bbox 779 1185 800 1228; x_wconf 87' lang='grc'><strong>6</strong></span> <span class='ocrx_word' id='word_1_28' title='bbox 814 1162 992 1240; x_wconf 79' lang='lat' dir='ltr'><strong>comitibus,</strong></span> <span class='ocrx_word' id='word_1_29' title='bbox 1006 1161 1147 1248; x_wconf 83' lang='lat' dir='ltr'><strong>preclntis</strong></span> <span class='ocrx_word' id='word_1_30' title='bbox 1168 1168 1202 1227; x_wconf 89' lang='grc'><strong>66</strong></span> <span class='ocrx_word' id='word_1_31' title='bbox 1218 1181 1291 1246; x_wconf 92' lang='lat' dir='ltr'><strong>pro-</strong></span> 
     </span>
     <span class='ocr_line' id='line_1_7' title="bbox 158 1247 1292 1336; baseline -0.003 -22"><span class='ocrx_word' id='word_1_32' title='bbox 158 1249 284 1314; x_wconf 80' lang='lat' dir='ltr'><strong>ceribus</strong></span> <span class='ocrx_word' id='word_1_33' title='bbox 305 1249 436 1336; x_wconf 86' lang='lat' dir='ltr'><strong>positus,</strong></span> <span class='ocrx_word' id='word_1_34' title='bbox 458 1249 494 1314; x_wconf 89' lang='lat' dir='ltr'><strong>in</strong></span> <span class='ocrx_word' id='word_1_35' title='bbox 518 1249 588 1316; x_wconf 91' lang='lat' dir='ltr'><strong>loco</strong></span> <span class='ocrx_word' id='word_1_36' title='bbox 613 1249 730 1316; x_wconf 84' lang='lat' dir='ltr'><strong>silicet⁶</strong></span> <span class='ocrx_word' id='word_1_37' title='bbox 751 1249 976 1328; x_wconf 82' lang='lat' dir='ltr'><strong>comnscionis,</strong></span> <span class='ocrx_word' id='word_1_38' title='bbox 989 1269 1123 1334; x_wconf 85' lang='lat' dir='ltr'><strong>regnum</strong></span> <span class='ocrx_word' id='word_1_39' title='bbox 1144 1247 1252 1333; x_wconf 90' lang='lat' dir='ltr'><strong>ipsum</strong></span> <span class='ocrx_word' id='word_1_40' title='bbox 1272 1267 1292 1312; x_wconf 86' lang='lat' dir='ltr'><strong>s</strong></span> 
     </span>
     <span class='ocr_line' id='line_1_8' title="bbox 158 1333 1292 1422; baseline -0.002 -22"><span class='ocrx_word' id='word_1_41' title='bbox 158 1335 299 1420; x_wconf 77' lang='lat' dir='ltr'><strong>quodum</strong></span> <span class='ocrx_word' id='word_1_42' title='bbox 312 1335 375 1402; x_wconf 83' lang='lat' dir='ltr'><strong>elio</strong></span> <span class='ocrx_word' id='word_1_43' title='bbox 389 1357 471 1422; x_wconf 84' lang='lat' dir='ltr'><strong>rege,</strong></span> <span class='ocrx_word' id='word_1_44' title='bbox 485 1343 523 1404; x_wconf 86' lang='lat' dir='ltr'><strong>ut</strong></span> <span class='ocrx_word' id='word_1_45' title='bbox 537 1337 692 1422; x_wconf 81' lang='lat' dir='ltr'><strong>superiori</strong></span> <span class='ocrx_word' id='word_1_46' title='bbox 705 1337 834 1402; x_wconf 90' lang='lat' dir='ltr'><strong>domino</strong></span> <span class='ocrx_word' id='word_1_47' title='bbox 849 1343 882 1402; x_wconf 90' lang='grc'><strong>66</strong></span> <span class='ocrx_word' id='word_1_48' title='bbox 896 1335 1016 1402; x_wconf 78' lang='lat' dir='ltr'><strong>directo</strong></span> <span class='ocrx_word' id='word_1_49' title='bbox 1031 1333 1174 1419; x_wconf 87' lang='lat' dir='ltr'><strong>ejusdem</strong></span> <span class='ocrx_word' id='word_1_50' title='bbox 1194 1333 1292 1418; x_wconf 82' lang='lat' dir='ltr'><strong>regni,</strong></span> 
     </span>
     <span class='ocr_line' id='line_1_9' title="bbox 157 1420 1293 1572; baseline 0 -86"><span class='ocrx_word' id='word_1_51' title='bbox 157 1441 217 1572; x_wconf 79' lang='lat' dir='ltr'><strong>pro</strong></span> <span class='ocrx_word' id='word_1_52' title='bbox 234 1421 380 1508; x_wconf 79' lang='lat' dir='ltr'><strong>homagio</strong></span> <span class='ocrx_word' id='word_1_53' title='bbox 394 1430 508 1488; x_wconf 88' lang='lat' dir='ltr'><strong>tenens</strong></span> <span class='ocrx_word' id='word_1_54' title='bbox 522 1423 558 1488; x_wconf 91' lang='lat' dir='ltr'><strong>in</strong></span> <span class='ocrx_word' id='word_1_55' title='bbox 572 1423 710 1502; x_wconf 84' lang='lat' dir='ltr'><strong>feodum,</strong></span> <span class='ocrx_word' id='word_1_56' title='bbox 723 1444 872 1509; x_wconf 84' lang='lat' dir='ltr'><strong>processu</strong></span> <span class='ocrx_word' id='word_1_57' title='bbox 886 1421 1038 1507; x_wconf 89' lang='lat' dir='ltr'><strong>temporie</strong></span> <span class='ocrx_word' id='word_1_58' title='bbox 1052 1421 1122 1488; x_wconf 87' lang='lat' dir='ltr'><strong>sine</strong></span> <span class='ocrx_word' id='word_1_59' title='bbox 1135 1420 1244 1486; x_wconf 87' lang='lat' dir='ltr'><strong>liberis</strong></span> <span class='ocrx_word' id='word_1_60' title='bbox 1259 1427 1293 1486; x_wconf 88' lang='lat' dir='ltr'><strong>et</strong></span> 
     </span>
     <span class='ocr_line' id='line_1_10' title="bbox 183 1503 1293 1594; baseline -0.001 -21"><span class='ocrx_word' id='word_1_61' title='bbox 183 1507 330 1574; x_wconf 82' lang='lat' dir='ltr'><strong>eredibus</strong></span> <span class='ocrx_word' id='word_1_62' title='bbox 353 1509 607 1594; x_wconf 87' lang='lat' dir='ltr'><strong>quibuscumque</strong></span> <span class='ocrx_word' id='word_1_63' title='bbox 637 1531 678 1576; x_wconf 85' lang='lat' dir='ltr'><strong>ex</strong></span> <span class='ocrx_word' id='word_1_64' title='bbox 702 1509 781 1575; x_wconf 84' lang='lat' dir='ltr'><strong>linio</strong></span> <span class='ocrx_word' id='word_1_65' title='bbox 806 1507 1072 1576; x_wconf 81' lang='lat' dir='ltr'><strong>descendentibus</strong></span> <span class='ocrx_word' id='word_1_66' title='bbox 1101 1503 1293 1574; x_wconf 83' lang='lat' dir='ltr'><strong>decesserit⁶</strong></span> 
     </span>
     <span class='ocr_line' id='line_1_11' title="bbox 159 1591 1291 1697; baseline -0.001 -37"><span class='ocrx_word' id='word_1_67' title='bbox 159 1595 232 1660; x_wconf 85' lang='lat' dir='ltr'><strong>Rex</strong></span> <span class='ocrx_word' id='word_1_68' title='bbox 244 1617 319 1660; x_wconf 84' lang='lat' dir='ltr'><strong>vero</strong></span> <span class='ocrx_word' id='word_1_69' title='bbox 336 1595 406 1682; x_wconf 91' lang='lat' dir='ltr'><strong>ipse</strong></span> <span class='ocrx_word' id='word_1_70' title='bbox 420 1591 489 1682; x_wconf 85' lang='lat' dir='ltr'><strong>qui⁷</strong></span> <span class='ocrx_word' id='word_1_71' title='bbox 504 1595 648 1697; x_wconf 79' lang='lat' dir='ltr'><strong>superior</strong></span> <span class='ocrx_word' id='word_1_72' title='bbox 662 1601 711 1662; x_wconf 89' lang='lat' dir='ltr'><strong>est</strong></span> <span class='ocrx_word' id='word_1_73' title='bbox 725 1605 758 1662; x_wconf 91' lang='lat' dir='ltr'><strong>et</strong></span> <span class='ocrx_word' id='word_1_74' title='bbox 772 1596 911 1662; x_wconf 81' lang='lat' dir='ltr'><strong>directus</strong></span> <span class='ocrx_word' id='word_1_75' title='bbox 926 1594 1075 1660; x_wconf 89' lang='lat' dir='ltr'><strong>dominus</strong></span> <span class='ocrx_word' id='word_1_76' title='bbox 1089 1591 1178 1660; x_wconf 84' lang='lat' dir='ltr'><strong>iliius</strong></span> <span class='ocrx_word' id='word_1_77' title='bbox 1192 1593 1291 1678; x_wconf 83' lang='lat' dir='ltr'><strong>regni,</strong></span> 
     </span>
     <span class='ocr_line' id='line_1_12' title="bbox 159 1679 1292 1768; baseline -0.001 -22"><span class='ocrx_word' id='word_1_78' title='bbox 159 1701 266 1746; x_wconf 87' lang='lat' dir='ltr'><strong>ocrem</strong></span> <span class='ocrx_word' id='word_1_79' title='bbox 280 1703 344 1768; x_wconf 91' lang='lat' dir='ltr'><strong>quo</strong></span> <span class='ocrx_word' id='word_1_80' title='bbox 358 1683 614 1768; x_wconf 75' lang='lat' dir='ltr'><strong>comparentibus</strong></span> <span class='ocrx_word' id='word_1_81' title='bbox 635 1682 756 1762; x_wconf 90' lang='lat' dir='ltr'><strong>multis,</strong></span> <span class='ocrx_word' id='word_1_82' title='bbox 770 1681 997 1768; x_wconf 76' lang='grc'><strong>6666666116668</strong></span> <span class='ocrx_word' id='word_1_83' title='bbox 1011 1681 1124 1748; x_wconf 81' lang='lat' dir='ltr'><strong>asserit</strong></span> <span class='ocrx_word' id='word_1_84' title='bbox 1145 1701 1179 1746; x_wconf 90' lang='lat' dir='ltr'><strong>se</strong></span> <span class='ocrx_word' id='word_1_85' title='bbox 1200 1679 1292 1746; x_wconf 83' lang='lat' dir='ltr'><strong>hers·</strong></span> 
     </span>
     <span class='ocr_line' id='line_1_13' title="bbox 160 1766 1291 1870; baseline 0.002 -38"><span class='ocrx_word' id='word_1_86' title='bbox 160 1767 235 1834; x_wconf 91' lang='lat' dir='ltr'><strong>dem</strong></span> <span class='ocrx_word' id='word_1_87' title='bbox 256 1769 335 1834; x_wconf 90' lang='lat' dir='ltr'><strong>dieti</strong></span> <span class='ocrx_word' id='word_1_88' title='bbox 356 1769 453 1854; x_wconf 83' lang='lat' dir='ltr'><strong>regni,</strong></span> <span class='ocrx_word' id='word_1_89' title='bbox 473 1769 543 1856; x_wconf 89' lang='lat' dir='ltr'><strong>ipse</strong></span> <span class='ocrx_word' id='word_1_90' title='bbox 564 1770 707 1870; x_wconf 89' lang='lat' dir='ltr'><strong>superior</strong></span> <span class='ocrx_word' id='word_1_91' title='bbox 727 1790 860 1854; x_wconf 85' lang='lat' dir='ltr'><strong>regnum</strong></span> <span class='ocrx_word' id='word_1_92' title='bbox 881 1766 1001 1854; x_wconf 79' lang='lat' dir='ltr'><strong>ipsum⁹</strong></span> <span class='ocrx_word' id='word_1_93' title='bbox 1021 1768 1063 1833; x_wconf 89' lang='lat' dir='ltr'><strong>ed</strong></span> <span class='ocrx_word' id='word_1_94' title='bbox 1085 1788 1200 1832; x_wconf 86' lang='lat' dir='ltr'><strong>munus</strong></span> <span class='ocrx_word' id='word_1_95' title='bbox 1222 1767 1291 1852; x_wconf 88' lang='lat' dir='ltr'><strong>ejus</strong></span> 
     </span>
     <span class='ocr_line' id='line_1_14' title="bbox 159 1853 1292 1942; baseline -0.002 -22"><span class='ocrx_word' id='word_1_96' title='bbox 159 1853 292 1941; x_wconf 80' lang='lat' dir='ltr'><strong>accepit,</strong></span> <span class='ocrx_word' id='word_1_97' title='bbox 309 1855 419 1932; x_wconf 90' lang='lat' dir='ltr'><strong>donec,</strong></span> <span class='ocrx_word' id='word_1_98' title='bbox 432 1875 491 1942; x_wconf 91' lang='lat' dir='ltr'><strong>per</strong></span> <span class='ocrx_word' id='word_1_99' title='bbox 504 1855 591 1921; x_wconf 85' lang='lat' dir='ltr'><strong>viem</strong></span> <span class='ocrx_word' id='word_1_100' title='bbox 608 1855 819 1941; x_wconf 69' lang='lat' dir='ltr'><strong>pariseorum</strong></span> <span class='ocrx_word' id='word_1_101' title='bbox 841 1876 878 1922; x_wconf 89' lang='grc'><strong>66</strong></span> <span class='ocrx_word' id='word_1_102' title='bbox 900 1855 1079 1920; x_wconf 86' lang='lat' dir='ltr'><strong>discussum</strong></span> <span class='ocrx_word' id='word_1_103' title='bbox 1100 1854 1197 1920; x_wconf 84' lang='lat' dir='ltr'><strong>fuerit</strong></span> <span class='ocrx_word' id='word_1_104' title='bbox 1218 1853 1292 1938; x_wconf 89' lang='lat' dir='ltr'><strong>quis</strong></span> 
     </span>
     <span class='ocr_line' id='line_1_15' title="bbox 160 1939 1290 2028; baseline 0 -22"><span class='ocrx_word' id='word_1_105' title='bbox 160 1961 271 2006; x_wconf 89' lang='lat' dir='ltr'><strong>eorum</strong></span> <span class='ocrx_word' id='word_1_106' title='bbox 281 1943 389 2028; x_wconf 91' lang='lat' dir='ltr'><strong>pocior</strong></span> <span class='ocrx_word' id='word_1_107' title='bbox 403 1949 452 2008; x_wconf 92' lang='grc'><strong>666</strong></span> <span class='ocrx_word' id='word_1_108' title='bbox 462 1943 544 2028; x_wconf 89' lang='lat' dir='ltr'><strong>jure,</strong></span> <span class='ocrx_word' id='word_1_109' title='bbox 555 1950 588 2008; x_wconf 89' lang='lat' dir='ltr'><strong>et</strong></span> <span class='ocrx_word' id='word_1_110' title='bbox 597 1942 639 2007; x_wconf 90' lang='lat' dir='ltr'><strong>ed</strong></span> <span class='ocrx_word' id='word_1_111' title='bbox 648 1942 879 2008; x_wconf 83' lang='lat' dir='ltr'><strong>successionem</strong></span> <span class='ocrx_word' id='word_1_112' title='bbox 890 1940 1067 2028; x_wconf 80' lang='lat' dir='ltr'><strong>dictiregni</strong></span> <span class='ocrx_word' id='word_1_113' title='bbox 1075 1939 1290 2026; x_wconf 90' lang='lat' dir='ltr'><strong>propinquior.</strong></span> 
     </span>
     <span class='ocr_line' id='line_1_16' title="bbox 161 2025 1291 2114; baseline -0.001 -22"><span class='ocrx_word' id='word_1_114' title='bbox 161 2027 333 2094; x_wconf 86' lang='lat' dir='ltr'><strong>Potissime</strong></span> <span class='ocrx_word' id='word_1_115' title='bbox 346 2049 422 2094; x_wconf 83' lang='lat' dir='ltr'><strong>vero</strong></span> <span class='ocrx_word' id='word_1_116' title='bbox 440 2028 526 2094; x_wconf 90' lang='lat' dir='ltr'><strong>inter</strong></span> <span class='ocrx_word' id='word_1_117' title='bbox 546 2025 674 2095; x_wconf 80' lang='lat' dir='ltr'><strong>eosdem</strong></span> <span class='ocrx_word' id='word_1_118' title='bbox 695 2036 879 2114; x_wconf 74' lang='lat' dir='ltr'><strong>comparent</strong></span> <span class='ocrx_word' id='word_1_119' title='bbox 900 2027 973 2106; x_wconf 91' lang='lat' dir='ltr'><strong>dno,</strong></span> <span class='ocrx_word' id='word_1_120' title='bbox 986 2028 1044 2112; x_wconf 90' lang='lat' dir='ltr'><strong>qui</strong></span> <span class='ocrx_word' id='word_1_121' title='bbox 1065 2048 1106 2092; x_wconf 91' lang='grc'><strong>66</strong></span> <span class='ocrx_word' id='word_1_122' title='bbox 1120 2027 1216 2092; x_wconf 76' lang='lat' dir='ltr'><strong>fratre</strong></span> <span class='ocrx_word' id='word_1_123' title='bbox 1237 2025 1291 2091; x_wconf 88' lang='lat' dir='ltr'><strong>evi</strong></span> 
     </span>
     <span class='ocr_line' id='line_1_17' title="bbox 160 2109 1292 2240; baseline -0.002 -62"><span class='ocrx_word' id='word_1_124' title='bbox 160 2113 241 2178; x_wconf 87' lang='lat' dir='ltr'><strong>dicti</strong></span> <span class='ocrx_word' id='word_1_125' title='bbox 261 2115 344 2202; x_wconf 76' lang='lat' dir='ltr'><strong>regis</strong></span> <span class='ocrx_word' id='word_1_126' title='bbox 358 2114 503 2180; x_wconf 87' lang='lat' dir='ltr'><strong>defuncti</strong></span> <span class='ocrx_word' id='word_1_127' title='bbox 516 2115 706 2240; x_wconf 85' lang='lat' dir='ltr'><strong>processisse</strong></span> <span class='ocrx_word' id='word_1_128' title='bbox 720 2135 755 2182; x_wconf 90' lang='lat' dir='ltr'><strong>se</strong></span> <span class='ocrx_word' id='word_1_129' title='bbox 769 2115 889 2180; x_wconf 87' lang='lat' dir='ltr'><strong>dieunt</strong></span> <span class='ocrx_word' id='word_1_130' title='bbox 934 2111 1037 2192; x_wconf 87' lang='lat' dir='ltr'><strong>Unus,</strong></span> <span class='ocrx_word' id='word_1_131' title='bbox 1051 2111 1148 2198; x_wconf 88' lang='lat' dir='ltr'><strong>primi</strong></span> <span class='ocrx_word' id='word_1_132' title='bbox 1161 2109 1292 2190; x_wconf 85' lang='lat' dir='ltr'><strong>sexus,¹⁰</strong></span> 
     </span>
     <span class='ocr_line' id='line_1_18' title="bbox 160 2199 1233 2326; baseline 0 -62"><span class='ocrx_word' id='word_1_133' title='bbox 160 2220 203 2265; x_wconf 90' lang='grc'><strong>66</strong></span> <span class='ocrx_word' id='word_1_134' title='bbox 227 2199 294 2265; x_wconf 82' lang='lat' dir='ltr'><strong>filie</strong></span> <span class='ocrx_word' id='word_1_135' title='bbox 316 2200 397 2266; x_wconf 87' lang='lat' dir='ltr'><strong>dicti</strong></span> <span class='ocrx_word' id='word_1_136' title='bbox 420 2201 515 2286; x_wconf 83' lang='lat' dir='ltr'><strong>regis¹</strong></span> <span class='ocrx_word' id='word_1_137' title='bbox 553 2203 606 2267; x_wconf 86' lang='lat' dir='ltr'><strong>evi</strong></span> <span class='ocrx_word' id='word_1_138' title='bbox 630 2202 713 2288; x_wconf 84' lang='lat' dir='ltr'><strong>regis</strong></span> <span class='ocrx_word' id='word_1_139' title='bbox 737 2200 930 2326; x_wconf 70' lang='lat' dir='ltr'><strong>prqpenitus,</strong></span> <span class='ocrx_word' id='word_1_140' title='bbox 955 2207 1110 2284; x_wconf 84' lang='grc'><strong>66666666</strong></span> <span class='ocrx_word' id='word_1_141' title='bbox 1135 2219 1233 2284; x_wconf 88' lang='lat' dir='ltr'><strong>prone</strong></span> 
     </span>
    </p>

    <p class='ocr_par' dir='ltr' id='par_1_5' title="bbox 159 2285 1292 2558">
     <span class='ocr_line' id='line_1_19' title="bbox 160 2285 1292 2373; baseline -0.004 -21"><span class='ocrx_word' id='word_1_142' title='bbox 160 2285 305 2370; x_wconf 88' lang='lat' dir='ltr'><strong>ejusdem</strong></span> <span class='ocrx_word' id='word_1_143' title='bbox 325 2287 450 2368; x_wconf 65' lang='lat' dir='ltr'><strong>iretrim</strong></span> <span class='ocrx_word' id='word_1_144' title='bbox 477 2286 568 2354; x_wconf 79' lang='lat' dir='ltr'><strong>eiie¹²</strong></span> <span class='ocrx_word' id='word_1_145' title='bbox 588 2309 663 2353; x_wconf 89' lang='lat' dir='ltr'><strong>vero</strong></span> <span class='ocrx_word' id='word_1_146' title='bbox 685 2308 781 2354; x_wconf 85' lang='lat' dir='ltr'><strong>sexus</strong></span> <span class='ocrx_word' id='word_1_147' title='bbox 827 2285 981 2373; x_wconf 83' lang='lat' dir='ltr'><strong>processit</strong></span> <span class='ocrx_word' id='word_1_148' title='bbox 1002 2307 1043 2351; x_wconf 91' lang='grc'><strong>66</strong></span> <span class='ocrx_word' id='word_1_149' title='bbox 1064 2285 1204 2352; x_wconf 86' lang='lat' dir='ltr'><strong>secunde</strong></span> <span class='ocrx_word' id='word_1_150' title='bbox 1260 2285 1292 2348; x_wconf 87' lang='lat' dir='ltr'><strong>is</strong></span> 
     </span>
     <span class='ocr_line' id='line_1_20' title="bbox 160 2370 1292 2462; baseline -0.003 -25"><span class='ocrx_word' id='word_1_151' title='bbox 160 2372 242 2438; x_wconf 90' lang='lat' dir='ltr'><strong>dicti</strong></span> <span class='ocrx_word' id='word_1_152' title='bbox 266 2373 382 2452; x_wconf 77' lang='lat' dir='ltr'><strong>fratris,</strong></span> <span class='ocrx_word' id='word_1_153' title='bbox 406 2381 560 2458; x_wconf 84' lang='grc'><strong>66666666</strong></span> <span class='ocrx_word' id='word_1_154' title='bbox 583 2395 624 2440; x_wconf 92' lang='grc'><strong>66</strong></span> <span class='ocrx_word' id='word_1_155' title='bbox 705 2373 849 2462; x_wconf 89' lang='lat' dir='ltr'><strong>ejusdem</strong></span> <span class='ocrx_word' id='word_1_156' title='bbox 870 2372 993 2440; x_wconf 75' lang='lat' dir='ltr'><strong>fratris:</strong></span> <span class='ocrx_word' id='word_1_157' title='bbox 1023 2379 1056 2438; x_wconf 91' lang='lat' dir='ltr'><strong>et</strong></span> <span class='ocrx_word' id='word_1_158' title='bbox 1081 2371 1127 2436; x_wconf 90' lang='lat' dir='ltr'><strong>sic</strong></span> <span class='ocrx_word' id='word_1_159' title='bbox 1148 2371 1205 2437; x_wconf 88' lang='lat' dir='ltr'><strong>isti</strong></span> <span class='ocrx_word' id='word_1_160' title='bbox 1227 2370 1292 2435; x_wconf 92' lang='lat' dir='ltr'><strong>duo</strong></span> 
     </span>
     <span class='ocr_line' id='line_1_21' title="bbox 159 2395 1292 2558; baseline -0.002 -34"><span class='ocrx_word' id='word_1_161' title='bbox 159 2458 227 2544; x_wconf 81' lang='lat' dir='ltr'><strong>regi</strong></span> <span class='ocrx_word' id='word_1_162' title='bbox 241 2458 392 2526; x_wconf 83' lang='lat' dir='ltr'><strong>defuncto</strong></span> <span class='ocrx_word' id='word_1_163' title='bbox 406 2459 571 2546; x_wconf 82' lang='lat' dir='ltr'><strong>attingunt</strong></span> <span class='ocrx_word' id='word_1_164' title='bbox 584 2395 714 2526; x_wconf 62' lang='lat' dir='ltr'><strong>tribbo</strong></span> <span class='ocrx_word' id='word_1_165' title='bbox 727 2459 910 2528; x_wconf 79' lang='lat' dir='ltr'><strong>collntereii</strong></span> <span class='ocrx_word' id='word_1_166' title='bbox 948 2459 1011 2526; x_wconf 82' lang='lat' dir='ltr'><strong>Sed</strong></span> <span class='ocrx_word' id='word_1_167' title='bbox 1024 2457 1124 2524; x_wconf 90' lang='lat' dir='ltr'><strong>cicius</strong></span> <span class='ocrx_word' id='word_1_168' title='bbox 1135 2457 1208 2542; x_wconf 86' lang='lat' dir='ltr'><strong>jure</strong></span> <span class='ocrx_word' id='word_1_169' title='bbox 1219 2477 1292 2558; x_wconf 76' lang='lat' dir='ltr'><strong>pro-</strong></span> 
     </span>
    </p>
   </div>
   <div class='ocr_carea' id='block_1_5' title="bbox 33 2543 1292 2645">
    <p class='ocr_par' dir='ltr' id='par_1_6' title="bbox 33 2543 1292 2645">
     <span class='ocr_line' id='line_1_22' title="bbox 33 2543 1292 2645; baseline 0 -35"><span class='ocrx_word' id='word_1_170' title='bbox 33 2563 41 2576; x_wconf 94' lang='lat'><em>·</em></span> <span class='ocrx_word' id='word_1_171' title='bbox 159 2545 315 2630; x_wconf 85' lang='lat' dir='ltr'><strong>geniturae</strong></span> <span class='ocrx_word' id='word_1_172' title='bbox 340 2545 492 2614; x_wconf 84' lang='lat' dir='ltr'><strong>fulcitur:</strong></span> <span class='ocrx_word' id='word_1_173' title='bbox 515 2545 636 2614; x_wconf 84' lang='lat' dir='ltr'><strong>sexus¹⁴</strong></span> <span class='ocrx_word' id='word_1_174' title='bbox 658 2555 767 2614; x_wconf 82' lang='lat' dir='ltr'><strong>eutem</strong></span> <span class='ocrx_word' id='word_1_175' title='bbox 790 2545 990 2636; x_wconf 88' lang='lat' dir='ltr'><strong>propinquus</strong></span> <span class='ocrx_word' id='word_1_176' title='bbox 1011 2553 1061 2612; x_wconf 89' lang='lat' dir='ltr'><strong>est</strong></span> <span class='ocrx_word' id='word_1_177' title='bbox 1082 2543 1292 2645; x_wconf 79' lang='lat' dir='ltr'><strong>propinquior</strong></span> 
     </span>
    </p>
   </div>
   <div class='ocr_carea' id='block_1_6' title="bbox 160 2631 1292 2894">
    <p class='ocr_par' dir='ltr' id='par_1_7' title="bbox 160 2631 1292 2894">
     <span class='ocr_line' id='line_1_23' title="bbox 160 2631 1292 2734; baseline 0 -38"><span class='ocrx_word' id='word_1_178' title='bbox 160 2651 225 2732; x_wconf 85' lang='lat' dir='ltr'><strong>uno</strong></span> <span class='ocrx_word' id='word_1_179' title='bbox 246 2633 354 2733; x_wconf 77' lang='lat' dir='ltr'><strong>grudu</strong></span> <span class='ocrx_word' id='word_1_180' title='bbox 399 2633 503 2734; x_wconf 76' lang='lat' dir='ltr'><strong>Unde,</strong></span> <span class='ocrx_word' id='word_1_181' title='bbox 518 2635 682 2734; x_wconf 78' lang='lat' dir='ltr'><strong>supposito</strong></span> <span class='ocrx_word' id='word_1_182' title='bbox 696 2634 783 2722; x_wconf 87' lang='lat' dir='ltr'><strong>quod</strong></span> <span class='ocrx_word' id='word_1_183' title='bbox 804 2654 938 2734; x_wconf 78' lang='lat' dir='ltr'><strong>regnum</strong></span> <span class='ocrx_word' id='word_1_184' title='bbox 954 2631 1062 2719; x_wconf 87' lang='lat' dir='ltr'><strong>ipsum</strong></span> <span class='ocrx_word' id='word_1_185' title='bbox 1083 2638 1127 2696; x_wconf 87' lang='grc'><strong>666</strong></span> <span class='ocrx_word' id='word_1_186' title='bbox 1147 2637 1292 2732; x_wconf 86' lang='lat' dir='ltr'><strong>rmpertr·</strong></span> 
     </span>
     <span class='ocr_line' id='line_1_24' title="bbox 160 2717 1292 2894; baseline -0.004 -108"><span class='ocrx_word' id='word_1_187' title='bbox 160 2717 240 2872; x_wconf 55' lang='lat' dir='ltr'><strong>dileet&#39;i</strong></span> <span class='ocrx_word' id='word_1_188' title='bbox 253 2728 408 2894; x_wconf 56' lang='grc' dir='ltr'><strong>6Θ6ἑ66666</strong></span> <span class='ocrx_word' id='word_1_189' title='bbox 428 2741 501 2805; x_wconf 82' lang='lat' dir='ltr'><strong>quus</strong></span> <span class='ocrx_word' id='word_1_190' title='bbox 522 2741 665 2806; x_wconf 88' lang='lat' dir='ltr'><strong>rpsorum</strong></span> <span class='ocrx_word' id='word_1_191' title='bbox 689 2722 831 2810; x_wconf 81' lang='lat' dir='ltr'><strong>praeiem</strong></span> <span class='ocrx_word' id='word_1_192' title='bbox 852 2719 968 2786; x_wconf 88' lang='lat' dir='ltr'><strong>debeet</strong></span> <span class='ocrx_word' id='word_1_193' title='bbox 990 2719 1032 2784; x_wconf 89' lang='lat' dir='ltr'><strong>ed</strong></span> <span class='ocrx_word' id='word_1_194' title='bbox 1057 2737 1292 2785; x_wconf 85' lang='lat' dir='ltr'><strong>suecessronem</strong></span> 
     </span>
    </p>
   </div>
   <div class='ocr_carea' id='block_1_7' title="bbox 159 3033 1294 3622">
    <p class='ocr_par' dir='ltr' id='par_1_8' title="bbox 159 3033 1294 3622">
     <span class='ocr_line' id='line_1_25' title="bbox 160 3033 1290 3126; baseline -0.002 -20"><span class='ocrx_word' id='word_1_195' title='bbox 160 3033 320 3122; x_wconf 73' lang='grc'><strong>56666666</strong></span> <span class='ocrx_word' id='word_1_196' title='bbox 329 3037 483 3108; x_wconf 65' lang='lat' dir='ltr'><strong>brunum</strong></span> <span class='ocrx_word' id='word_1_197' title='bbox 496 3037 583 3126; x_wconf 77' lang='lat' dir='ltr'><strong>jutis</strong></span> <span class='ocrx_word' id='word_1_198' title='bbox 595 3039 769 3125; x_wconf 75' lang='grc'><strong>6666666666</strong></span> <span class='ocrx_word' id='word_1_199' title='bbox 783 3038 942 3108; x_wconf 70' lang='lat' dir='ltr'><strong>benorum</strong></span> <span class='ocrx_word' id='word_1_200' title='bbox 954 3035 1183 3122; x_wconf 58' lang='lat' dir='ltr'><strong>listiniensis¹⁸</strong></span> <span class='ocrx_word' id='word_1_201' title='bbox 1193 3055 1290 3122; x_wconf 74' lang='lat' dir='ltr'><strong>super</strong></span> 
     </span>
     <span class='ocr_line' id='line_1_26' title="bbox 340 3136 1113 3224; baseline 0 -18"><span class='ocrx_word' id='word_1_202' title='bbox 340 3137 568 3208; x_wconf 58' lang='lat' dir='ltr'><strong>memmae</strong></span> <span class='ocrx_word' id='word_1_203' title='bbox 582 3138 736 3210; x_wconf 75' lang='lat' dir='ltr'><strong>bicicmm</strong></span> <span class='ocrx_word' id='word_1_204' title='bbox 749 3136 1069 3224; x_wconf 60' lang='lat' dir='ltr'><strong>emanaret-c.</strong></span> <span class='ocrx_word' id='word_1_205' title='bbox 1085 3145 1113 3206; x_wconf 87' lang='grc'><strong>6.</strong></span> 
     </span>
     <span class='ocr_line' id='line_1_27' title="bbox 162 3245 1291 3368; baseline -0.006 -23"><span class='ocrx_word' id='word_1_206' title='bbox 162 3245 381 3345; x_wconf 63' lang='lat' dir='ltr'><strong>Peneus</strong></span> <span class='ocrx_word' id='word_1_207' title='bbox 407 3277 489 3363; x_wconf 71' lang='lat' dir='ltr'><strong>jun</strong></span> <span class='ocrx_word' id='word_1_208' title='bbox 518 3276 706 3368; x_wconf 63' lang='lat' dir='ltr'><strong>conantem</strong></span> <span class='ocrx_word' id='word_1_209' title='bbox 734 3277 797 3344; x_wconf 80' lang='grc'><strong>66</strong></span> <span class='ocrx_word' id='word_1_210' title='bbox 825 3277 993 3363; x_wconf 69' lang='lat' dir='ltr'><strong>epscopus</strong></span> <span class='ocrx_word' id='word_1_211' title='bbox 1021 3269 1291 3352; x_wconf 64' lang='lat' dir='ltr'><strong>rosumere</strong></span> 
     </span>
     <span class='ocr_line' id='line_1_28' title="bbox 159 3360 1291 3450; baseline 0.001 -25"><span class='ocrx_word' id='word_1_212' title='bbox 159 3361 216 3444; x_wconf 91' lang='lat' dir='ltr'><strong>qui</strong></span> <span class='ocrx_word' id='word_1_213' title='bbox 230 3361 409 3446; x_wconf 82' lang='lat' dir='ltr'><strong>distinguit,-</strong></span> <span class='ocrx_word' id='word_1_214' title='bbox 416 3363 608 3449; x_wconf 89' lang='lat' dir='ltr'><strong>inquirendo</strong></span> <span class='ocrx_word' id='word_1_215' title='bbox 621 3373 731 3430; x_wconf 82' lang='lat' dir='ltr'><strong>utrum</strong></span> <span class='ocrx_word' id='word_1_216' title='bbox 744 3365 779 3429; x_wconf 92' lang='lat' dir='ltr'><strong>in</strong></span> <span class='ocrx_word' id='word_1_217' title='bbox 793 3385 891 3450; x_wconf 83' lang='lat' dir='ltr'><strong>regno</strong></span> <span class='ocrx_word' id='word_1_218' title='bbox 905 3363 1031 3440; x_wconf 80' lang='lat' dir='ltr'><strong>Scocice,</strong></span> <span class='ocrx_word' id='word_1_219' title='bbox 1042 3383 1138 3448; x_wconf 89' lang='lat' dir='ltr'><strong>super</strong></span> <span class='ocrx_word' id='word_1_220' title='bbox 1148 3360 1291 3446; x_wconf 85' lang='lat' dir='ltr'><strong>ejusdem</strong></span> 
     </span>
     <span class='ocr_line' id='line_1_29' title="bbox 159 3448 1292 3536; baseline 0 -24"><span class='ocrx_word' id='word_1_221' title='bbox 159 3448 249 3530; x_wconf 82' lang='lat' dir='ltr'><strong>regni</strong></span> <span class='ocrx_word' id='word_1_222' title='bbox 262 3449 469 3530; x_wconf 88' lang='lat' dir='ltr'><strong>successione,</strong></span> <span class='ocrx_word' id='word_1_223' title='bbox 483 3459 627 3516; x_wconf 83' lang='grc'><strong>66666666</strong></span> <span class='ocrx_word' id='word_1_224' title='bbox 643 3459 750 3536; x_wconf 87' lang='lat' dir='ltr'><strong>potest</strong></span> <span class='ocrx_word' id='word_1_225' title='bbox 764 3451 804 3517; x_wconf 90' lang='lat' dir='ltr'><strong>de</strong></span> <span class='ocrx_word' id='word_1_226' title='bbox 818 3458 905 3517; x_wconf 83' lang='lat' dir='ltr'><strong>certe</strong></span> <span class='ocrx_word' id='word_1_227' title='bbox 917 3459 951 3516; x_wconf 89' lang='grc'><strong>66</strong></span> <span class='ocrx_word' id='word_1_228' title='bbox 965 3471 1006 3536; x_wconf 82' lang='lat' dir='ltr'><strong>ep</strong></span> <span class='ocrx_word' id='word_1_229' title='bbox 1029 3449 1139 3515; x_wconf 78' lang='lat' dir='ltr'><strong>robets</strong></span> <span class='ocrx_word' id='word_1_230' title='bbox 1160 3467 1292 3514; x_wconf 84' lang='lat' dir='ltr'><strong>consue·</strong></span> 
     </span>
     <span class='ocr_line' id='line_1_30' title="bbox 160 3533 1294 3622; baseline 0.001 -24"><span class='ocrx_word' id='word_1_231' title='bbox 160 3533 273 3599; x_wconf 89' lang='lat' dir='ltr'><strong>tudine</strong></span> <span class='ocrx_word' id='word_1_232' title='bbox 295 3535 389 3619; x_wconf 90' lang='lat' dir='ltr'><strong>quod,</strong></span> <span class='ocrx_word' id='word_1_233' title='bbox 410 3536 446 3601; x_wconf 91' lang='lat' dir='ltr'><strong>in</strong></span> <span class='ocrx_word' id='word_1_234' title='bbox 460 3557 660 3622; x_wconf 84' lang='lat' dir='ltr'><strong>quecumque</strong></span> <span class='ocrx_word' id='word_1_235' title='bbox 682 3535 770 3615; x_wconf 78' lang='lat' dir='ltr'><strong>linis,</strong></span> <span class='ocrx_word' id='word_1_236' title='bbox 784 3535 993 3614; x_wconf 87' lang='lat' dir='ltr'><strong>discendenti,</strong></span> <span class='ocrx_word' id='word_1_237' title='bbox 1031 3535 1226 3614; x_wconf 85' lang='lat' dir='ltr'><strong>escendenti,</strong></span> <span class='ocrx_word' id='word_1_238' title='bbox 1239 3533 1294 3600; x_wconf 80' lang='lat' dir='ltr'><strong>vel</strong></span> 
     </span>
    </p>
   </div>
   <div class='ocr_carea' id='block_1_8' title="bbox 95 3717 1289 4484">
    <p class='ocr_par' dir='ltr' id='par_1_9' title="bbox 95 3717 1289 4144">
     <span class='ocr_line' id='line_1_31' title="bbox 95 3717 1289 3792; baseline -0.001 -19"><span class='ocrx_word' id='word_1_239' title='bbox 95 3769 103 3786; x_wconf 82' lang='grc'><strong><em>,</em></strong></span> <span class='ocrx_word' id='word_1_240' title='bbox 206 3717 217 3756; x_wconf 88' lang='lat'><em>¹</em></span> <span class='ocrx_word' id='word_1_241' title='bbox 228 3722 258 3774; x_wconf 79' lang='lat'><strong>0.</strong></span> <span class='ocrx_word' id='word_1_242' title='bbox 271 3721 301 3773; x_wconf 76' lang='lat' dir='ltr'><strong>lu</strong></span> <span class='ocrx_word' id='word_1_243' title='bbox 314 3722 379 3774; x_wconf 77' lang='lat' dir='ltr'><strong>read</strong></span> <span class='ocrx_word' id='word_1_244' title='bbox 389 3723 555 3790; x_wconf 84' lang='lat' dir='ltr'><strong>oppinionem</strong></span> <span class='ocrx_word' id='word_1_245' title='bbox 567 3741 586 3778; x_wconf 89' lang='grc'><strong>6.</strong></span> <span class='ocrx_word' id='word_1_246' title='bbox 600 3725 733 3792; x_wconf 77' lang='lat' dir='ltr'><strong>pertinere</strong></span> <span class='ocrx_word' id='word_1_247' title='bbox 745 3725 803 3790; x_wconf 79' lang='lat' dir='ltr'><strong>(sor</strong></span> <span class='ocrx_word' id='word_1_248' title='bbox 811 3723 939 3791; x_wconf 76' lang='lat' dir='ltr'><strong>optinere)</strong></span> <span class='ocrx_word' id='word_1_249' title='bbox 952 3725 1075 3790; x_wconf 78' lang='grc'><strong>66666666</strong></span> <span class='ocrx_word' id='word_1_250' title='bbox 1086 3738 1103 3774; x_wconf 96' lang='grc'><strong>6</strong></span> <span class='ocrx_word' id='word_1_251' title='bbox 1114 3735 1289 3789; x_wconf 85' lang='grc'><strong>6666666666.</strong></span> 
     </span>
     <span class='ocr_line' id='line_1_32' title="bbox 204 3788 1243 3930; baseline 0 -86"><span class='ocrx_word' id='word_1_252' title='bbox 204 3788 218 3896; x_wconf 56' lang='grc' dir='ltr'><strong>Ξ</strong></span> <span class='ocrx_word' id='word_1_253' title='bbox 229 3797 419 3930; x_wconf 44' lang='grc' dir='ltr'><strong>ἓοῗηέοἰῗ</strong></span> <span class='ocrx_word' id='word_1_254' title='bbox 406 3797 571 3918; x_wconf 48' lang='grc' dir='ltr'><strong>1ι.“ι66ι6166666666</strong></span> <span class='ocrx_word' id='word_1_255' title='bbox 582 3797 655 3849; x_wconf 79' lang='lat' dir='ltr'><strong>luter.</strong></span> <span class='ocrx_word' id='word_1_256' title='bbox 936 3791 948 3828; x_wconf 80' lang='lat'>⁸</span> <span class='ocrx_word' id='word_1_257' title='bbox 959 3795 989 3847; x_wconf 82' lang='grc'><strong>0.</strong></span> <span class='ocrx_word' id='word_1_258' title='bbox 1001 3791 1033 3846; x_wconf 78' lang='lat' dir='ltr'><strong>E.</strong></span> <span class='ocrx_word' id='word_1_259' title='bbox 1045 3793 1100 3846; x_wconf 80' lang='lat' dir='ltr'><strong>cdd</strong></span> <span class='ocrx_word' id='word_1_260' title='bbox 1111 3789 1243 3844; x_wconf 73' lang='lat' dir='ltr'><strong>videlieet</strong></span> 
     </span>
     <span class='ocr_line' id='line_1_33' title="bbox 205 3927 1228 4002; baseline -0.002 -18"><span class='ocrx_word' id='word_1_261' title='bbox 205 3927 436 3987; x_wconf 62' lang='lat' dir='ltr'><strong>‘antecederet</strong></span> <span class='ocrx_word' id='word_1_262' title='bbox 447 3935 592 4002; x_wconf 71' lang='lat' dir='ltr'><strong>lutcrsm</strong></span> <span class='ocrx_word' id='word_1_263' title='bbox 603 3933 679 3989; x_wconf 80' lang='lat' dir='ltr'><strong>silici.</strong></span> <span class='ocrx_word' id='word_1_264' title='bbox 716 3935 746 3988; x_wconf 87' lang='lat' dir='ltr'><strong>B.</strong></span> <span class='ocrx_word' id='word_1_265' title='bbox 759 3934 867 3989; x_wconf 82' lang='lat' dir='ltr'><strong>scilicet.</strong></span> <span class='ocrx_word' id='word_1_266' title='bbox 903 3935 932 3988; x_wconf 84' lang='lat' dir='ltr'><strong>C.</strong></span> <span class='ocrx_word' id='word_1_267' title='bbox 946 3935 978 3988; x_wconf 87' lang='lat' dir='ltr'><strong>D.</strong></span> <span class='ocrx_word' id='word_1_268' title='bbox 991 3931 1066 3986; x_wconf 83' lang='lat' dir='ltr'><strong>silici.</strong></span> <span class='ocrx_word' id='word_1_269' title='bbox 1104 3931 1135 3984; x_wconf 75' lang='grc' dir='ltr'><strong>Ε.</strong></span> <span class='ocrx_word' id='word_1_270' title='bbox 1148 3930 1228 3984; x_wconf 84' lang='lat' dir='ltr'><strong>soliti.</strong></span> 
     </span>
     <span class='ocr_line' id='line_1_34' title="bbox 206 3999 1287 4074; baseline -0.003 -20"><span class='ocrx_word' id='word_1_271' title='bbox 206 4001 259 4054; x_wconf 75' lang='lat' dir='ltr'><strong>&#39;R</strong></span> <span class='ocrx_word' id='word_1_272' title='bbox 272 4003 390 4056; x_wconf 70' lang='lat' dir='ltr'><strong>domuit</strong></span> <span class='ocrx_word' id='word_1_273' title='bbox 531 4003 601 4074; x_wconf 74' lang='lat' dir='ltr'><strong>&#39;qui</strong></span> <span class='ocrx_word' id='word_1_274' title='bbox 612 4007 753 4060; x_wconf 70' lang='grc'><strong>6666616666</strong></span> <span class='ocrx_word' id='word_1_275' title='bbox 936 3999 1287 4072; x_wconf 62' lang='grc' dir='ltr'><strong>Ι(666666666666111666.</strong></span> 
     </span>
     <span class='ocr_line' id='line_1_35' title="bbox 206 4069 1287 4144; baseline -0.003 -19"><span class='ocrx_word' id='word_1_276' title='bbox 206 4069 218 4106; x_wconf 81' lang='lat'><em>⁰</em></span> <span class='ocrx_word' id='word_1_277' title='bbox 229 4073 259 4126; x_wconf 90' lang='lat' dir='ltr'><strong>B.</strong></span> <span class='ocrx_word' id='word_1_278' title='bbox 272 4075 320 4126; x_wconf 76' lang='grc'><strong>666</strong></span> <span class='ocrx_word' id='word_1_279' title='bbox 331 4073 433 4126; x_wconf 85' lang='lat' dir='ltr'><strong>dictum</strong></span> <span class='ocrx_word' id='word_1_280' title='bbox 445 4089 562 4144; x_wconf 75' lang='lat' dir='ltr'><strong>regnum.</strong></span> <span class='ocrx_word' id='word_1_281' title='bbox 704 4075 726 4112; x_wconf 79' lang='lat'><strong>¹⁰</strong></span> <span class='ocrx_word' id='word_1_282' title='bbox 736 4077 766 4131; x_wconf 86' lang='lat' dir='ltr'><strong>B.</strong></span> <span class='ocrx_word' id='word_1_283' title='bbox 779 4078 812 4129; x_wconf 89' lang='lat' dir='ltr'><strong>D.</strong></span> <span class='ocrx_word' id='word_1_284' title='bbox 822 4077 906 4144; x_wconf 79' lang='lat' dir='ltr'><strong>prims</strong></span> <span class='ocrx_word' id='word_1_285' title='bbox 917 4091 1003 4130; x_wconf 85' lang='grc'><strong>66666.</strong></span> <span class='ocrx_word' id='word_1_286' title='bbox 1034 4075 1062 4126; x_wconf 79' lang='lat' dir='ltr'><strong>O.</strong></span> <span class='ocrx_word' id='word_1_287' title='bbox 1076 4073 1106 4125; x_wconf 71' lang='grc'><strong>11</strong></span> <span class='ocrx_word' id='word_1_288' title='bbox 1117 4077 1182 4140; x_wconf 71' lang='lat' dir='ltr'><strong>pute</strong></span> <span class='ocrx_word' id='word_1_289' title='bbox 1194 4071 1287 4124; x_wconf 81' lang='grc'><strong>016166</strong></span> 
     </span>
    </p>

    <p class='ocr_par' dir='ltr' id='par_1_10' title="bbox 194 4253 1051 4342">
     <span class='ocr_line' id='line_1_36' title="bbox 194 4253 1051 4342; baseline -0.001 -4"><span class='ocrx_word' id='word_1_290' title='bbox 194 4281 258 4338; x_wconf 68' lang='grc' dir='ltr'><strong>η6</strong></span> <span class='ocrx_word' id='word_1_291' title='bbox 272 4285 466 4339; x_wconf 64' lang='lat' dir='ltr'><strong>messurum.</strong></span> <span class='ocrx_word' id='word_1_292' title='bbox 502 4287 530 4340; x_wconf 90' lang='lat' dir='ltr'><strong>c.</strong></span> <span class='ocrx_word' id='word_1_293' title='bbox 544 4285 574 4340; x_wconf 88' lang='grc'><strong>6.</strong></span> <span class='ocrx_word' id='word_1_294' title='bbox 587 4258 783 4340; x_wconf 64' lang='lat' dir='ltr'><strong>resurrectum</strong></span> <span class='ocrx_word' id='word_1_295' title='bbox 821 4290 854 4342; x_wconf 87' lang='grc'><strong>6.</strong></span> <span class='ocrx_word' id='word_1_296' title='bbox 867 4253 1051 4342; x_wconf 59' lang='lat' dir='ltr'><strong>ressontium</strong></span> 
     </span>
    </p>

    <p class='ocr_par' dir='ltr' id='par_1_11' title="bbox 195 4351 1266 4426">
     <span class='ocr_line' id='line_1_37' title="bbox 195 4351 1266 4426; baseline -0.004 -18"><span class='ocrx_word' id='word_1_297' title='bbox 195 4353 217 4389; x_wconf 81' lang='lat'><strong>¹⁸</strong></span> <span class='ocrx_word' id='word_1_298' title='bbox 229 4355 258 4409; x_wconf 84' lang='lat' dir='ltr'><strong>O.</strong></span> <span class='ocrx_word' id='word_1_299' title='bbox 271 4356 301 4410; x_wconf 76' lang='grc' dir='ltr'><strong>Ε.</strong></span> <span class='ocrx_word' id='word_1_300' title='bbox 314 4355 455 4423; x_wconf 71' lang='lat' dir='ltr'><strong>addictis.</strong></span> <span class='ocrx_word' id='word_1_301' title='bbox 562 4355 584 4392; x_wconf 71' lang='lat'><strong>¹²</strong></span> <span class='ocrx_word' id='word_1_302' title='bbox 595 4359 622 4409; x_wconf 85' lang='lat'><strong>0.</strong></span> <span class='ocrx_word' id='word_1_303' title='bbox 636 4359 669 4411; x_wconf 88' lang='lat' dir='ltr'><strong>D.</strong></span> <span class='ocrx_word' id='word_1_304' title='bbox 682 4357 819 4426; x_wconf 69' lang='lat' dir='ltr'><strong>litigantis</strong></span> <span class='ocrx_word' id='word_1_305' title='bbox 959 4356 981 4392; x_wconf 78' lang='lat'><strong>¹⁸</strong></span> <span class='ocrx_word' id='word_1_306' title='bbox 993 4358 1021 4409; x_wconf 81' lang='lat' dir='ltr'><strong>G.</strong></span> <span class='ocrx_word' id='word_1_307' title='bbox 1035 4355 1066 4408; x_wconf 83' lang='grc' dir='ltr'><strong>Ε.</strong></span> <span class='ocrx_word' id='word_1_308' title='bbox 1079 4351 1266 4407; x_wconf 80' lang='lat' dir='ltr'><strong>consultorum.</strong></span> 
     </span>
    </p>

    <p class='ocr_par' dir='ltr' id='par_1_12' title="bbox 194 4423 1078 4484">
     <span class='ocr_line' id='line_1_38' title="bbox 194 4423 1078 4484; baseline 0 -7"><span class='ocrx_word' id='word_1_309' title='bbox 194 4423 256 4480; x_wconf 68' lang='grc' dir='ltr'><strong>ι111.</strong></span> <span class='ocrx_word' id='word_1_310' title='bbox 272 4425 477 4480; x_wconf 74' lang='lat' dir='ltr'><strong>Aureiirnensir.</strong></span> <span class='ocrx_word' id='word_1_311' title='bbox 513 4427 541 4482; x_wconf 82' lang='lat'><strong>0.</strong></span> <span class='ocrx_word' id='word_1_312' title='bbox 555 4427 585 4481; x_wconf 79' lang='lat' dir='ltr'><strong>n</strong></span> <span class='ocrx_word' id='word_1_313' title='bbox 599 4427 796 4484; x_wconf 74' lang='lat' dir='ltr'><strong>Auriiisnensis.</strong></span> <span class='ocrx_word' id='word_1_314' title='bbox 834 4429 866 4483; x_wconf 90' lang='lat' dir='ltr'><strong>D.</strong></span> <span class='ocrx_word' id='word_1_315' title='bbox 879 4427 1078 4482; x_wconf 73' lang='grc' dir='ltr'><strong>6666166666ιὶ6</strong></span> 
     </span>
    </p>
   </div>
   <div class='ocr_carea' id='block_1_9' title="bbox 196 4493 388 4554">
    <p class='ocr_par' dir='ltr' id='par_1_13' title="bbox 196 4493 388 4554">
     <span class='ocr_line' id='line_1_39' title="bbox 196 4493 388 4554; baseline 0.021 -4"><span class='ocrx_word' id='word_1_316' title='bbox 196 4493 388 4554; x_wconf 63' lang='lat' dir='ltr'><strong>”nauum</strong></span> 
     </span>
    </p>
   </div>
   <div class='ocr_carea' id='block_1_10' title="bbox 0 0 1647 5122">
    <p class='ocr_par' dir='ltr' id='par_1_14' title="bbox 0 0 1647 5122">
     <span class='ocr_line' id='line_1_40' title="bbox 0 0 1647 5122; baseline 0 0"><span class='ocrx_word' id='word_1_317' title='bbox 0 0 1647 5122; x_wconf 95' lang='lat' dir='ltr'><strong> </strong></span> 
     </span>
    </p>
   </div>
  </div>
 </body>
</html>
