3286 5112
693 485 788 535 LIBER
802 484 922 536 NONUS.
1315 477 1374 538 301

245 644 375 732 Anglioi
389 647 589 711 occurrentes
605 642 766 722 dixemnt,
779 649 798 680 “
809 644 875 710 Gur
888 643 937 708 ite
950 642 1092 710 nobilem
1106 644 1153 710 sic
1168 644 1378 732 vilipenditis,

348 730 1377 902 ,mimium

245 872 338 972 susi
367 905 639 984 suessones
654 905 711 970 ne
725 905 976 982 circumstantes,
990 838 1201 991 emeffpm
1215 905 1250 971 n
1265 906 1376 972 sousa

244 993 446 1077 redemptum
460 992 658 1058 dimiserunt
702 992 746 1057 Et
767 992 814 1057 sio
834 991 1008 1076 prudenter
1021 992 1128 1058 dietus
1142 993 1235 1058 miles
1250 1013 1324 1058 eum
1335 995 1376 1058 de

244 1079 394 1145 manibus
415 1099 524 1145 eorum
546 1079 703 1159 extraxit3
732 1077 820 1163 quod
834 1080 862 1144 si
876 1079 940 1164 ipsi
961 1098 1036 1143 eum
1057 1079 1305 1157 oonnoviseent‚²
1317 1100 1376 1165 pro

243 1166 382 1250 pondere
396 1186 455 1231 suc
470 1167 540 1230 euri
554 1187 620 1231 non
633 1166 747 1250 ntique
763 1185 838 1230 eum
853 1166 1089 1232 deliberassem
1134 1165 1286 1250 Princeps
1300 1187 1376 1234 vero

243 1273 285 1317 ex
299 1252 375 1318 inde
396 1253 578 1337 procedens,
592 1257 694 1317 totam
715 1251 845 1318 terram⁸
859 1273 926 1317 suae
940 1252 1060 1318 dicioni
1081 1252 1250 1336 subjugare
1271 1253 1376 1318 inten-

244 1338 347 1405 debat
392 1339 456 1405 Sed
484 1339 583 1416 Deus,
608 1359 744 1423 magnus
772 1337 933 1404 Dominus
955 1345 989 1404 et
1017 1340 1087 1404 Rex
1116 1359 1252 1423 magnus
1280 1360 1377 1424 super

244 1446 355 1492 omnes
376 1427 460 1504 deos,
481 1426 595 1492 videns
615 1425 822 1509 iniquitatem
843 1445 961 1504 eorum,
976 1426 1043 1510 qui,
1064 1445 1123 1490 nec
1146 1425 1288 1491 ecclesiae
1310 1446 1376 1492 sues

243 1519 363 1578 sanctes
388 1533 446 1578 nee
473 1511 621 1596 religioni
643 1519 818 1596 paroentes,
841 1512 898 1578 ssd
926 1511 962 1576 in
991 1512 1141 1578 omnibus
1169 1512 1374 1598 iniquitatem

244 1600 416 1664 crudeliter
436 1599 598 1676 facientes,
612 1605 784 1683 postquam
804 1599 841 1662 in
861 1599 1002 1684 quodam
1022 1599 1215 1666 monasterio
1237 1619 1271 1664 se
1292 1599 1376 1666 loce-

243 1691 361 1751 verunt
375 1692 408 1750 et
422 1685 626 1750 crudelitates
637 1685 809 1750 immensas
820 1691 854 1750 et
863 1685 1098 1750 crudelissimas
1111 1692 1376 1772 perpetraverunt

243 1773 279 1836 in
304 1773 385 1837 testo
411 1771 618 1837 nobilissime
646 1772 902 1838 Resurrecoionis
925 1771 1102 1851 dominice,
1127 1773 1236 1838 omnis
1260 1793 1376 1839 consu·

243 1858 390 1937 mentes*
398 1858 600 1924 devastantes
609 1862 642 1924 et
651 1857 880 1942 depraedantes,
888 1857 933 1924 et⁶
940 1879 999 1943 per
1008 1860 1158 1926 universa
1168 1860 1238 1926 loca
1248 1879 1375 1926 monas-

243 1946 369 2010 terialis
382 1964 480 2030 equos
496 1952 530 2010 et
543 1952 683 2011 armatos
703 1965 778 2011 suos
799 1945 1009 2025 collocantes3
1034 1952 1068 2011 et
1082 1946 1118 2010 in
1131 1945 1185 2011 die
1198 1947 1299 2012 Lunae
1312 1947 1376 2012 iter

243 2031 343 2096 eundi
357 2033 477 2116 eripere
486 2031 640 2109 volentes,
651 2052 722 2098 ecee
737 2039 911 2117 tempestus
922 2032 1030 2097 valide
1044 2032 1085 2097 ab
1094 2032 1244 2117 aquilone
1258 2034 1378 2111 subito,

243 2118 502 2270 teletae
515 2117 1181 2290 stereometriam
1195 2139 1376 2270 ,epm

244 2290 619 2375 permiscentes
633 2254 674 2356 ai>
688 2291 845 2356 imaeue
858 2255 1202 2376 &resignarentur
1217 2297 1248 2357 et
1262 2293 1375 2376 prun.

243 2377 307 2444 osis
329 2377 505 2443 stillicidiis
526 2377 747 2462 asperissimis,
762 2378 948 2466 quot[quot]
971 2385 1063 2444 extre
1077 2378 1189 2443 domos
1203 2378 1239 2442 in
1253 2379 1375 2462 eampis

243 2465 403 2548 dispersos
425 2462 637 2548 apprehendit
658 2464 864 2550 strigoribus
884 2465 1084 2549 tempestatis
1106 2464 1228 2530 taliter⁹
1241 2464 1376 2530 circum-

242 2551 332 2636 plexi
354 2558 431 2617 sunt
452 2559 485 2616 et
506 2551 673 2636 congelati,
687 2550 783 2635 quod,
798 2551 908 2635 peusis
926 2559 1062 2617 mortem
1084 2550 1303 2630 evadentibus,
1317 2551 1375 2616 alii

243 2637 405 2722 decrepiti,
419 2637 476 2702 alii
496 2637 620 2703 viribus
641 2637 799 2716 destituti,
819 2638 963 2704 membra
984 2657 1094 2703 eorum
1116 2641 1287 2715 contrecta,
1301 2657 1376 2702 con·

242 2726 363 2804 stricte,
377 2722 597 2790 insanabilia¹⁰
610 2731 644 2790 et
657 2723 814 2789 inhabilia
834 2725 964 2789 omnino
977 2723 1192 2790 reddebantur
1199 2747 1208 2805 ;
1231 2731 1272 2802 et,
1286 2724 1374 2810 frigi·

242 2813 345 2877 ditate
359 2813 560 2898 tempestatis
569 2811 702 2889 decocti,
710 2811 807 2876 multi
821 2809 857 2875 in
872 2810 982 2876 eodem
991 2830 1103 2895 campo
1118 2809 1237 2876 mortui
1250 2831 1375 2876 reman-

242 2904 362 2976 serunt,
370 2899 466 2963 multi
477 2898 553 2964 nive
563 2899 702 2964 contecti
713 2904 746 2963 et
760 2898 907 2964 suffocati
917 2904 951 2963 et
961 2897 1096 2963 extincti
1110 2897 1146 2963 in
1161 2898 1213 2963 die
1227 2899 1375 2984 sequenti

242 2987 367 3138 peptprtli³
375 2985 586 3138 suffiffldaec
606 2992 716 3138 ppltaetrp
730 2984 767 3049 in
780 2985 955 3137 {iffllmae'
969 2985 1005 3134 {ln
1019 2985 1159 3157 opasffipo
1180 2985 1375 3086 sanctissimi

256 3093 289 3138 es
368 3093 421 3138 asc
525 3093 604 3137 amm
892 3091 949 3135 nm
990 3091 1009 3136 e
1058 3091 1077 3135 o
1143 3091 1214 3148 rers,
1258 3091 1339 3138 nncr
1363 3092 1375 3135 1

242 3159 426 3243 supradicto
451 3159 487 3222 in
511 3159 670 3245 principio
692 3091 877 3224 sugosmalae
897 3158 1034 3222 fortune
1055 3091 1257 3224 aeciderunt?
1300 3093 1375 3236 od,

243 3251 354 3328 postea
367 3245 403 3308 in
416 3244 568 3329 Angliam
590 3245 758 3323 transiens,
772 3244 860 3310 hunc
874 3244 960 3310 diem
982 3244 1082 3309 Lunae
1096 3244 1284 3310 Pesohalem
1297 3244 1375 3309 Blae

242 3329 454 3414 Mocccdcpfl
480 3351 583 3416 usque
611 3333 647 3396 in
674 3331 865 3397 hodiernum
894 3331 980 3396 diem
1008 3330 1170 3409 coeravit,12
1195 3335 1229 3396 et
1256 3332 1374 3416 imper-

242 3422 378 3502 petuum
391 3417 560 3485 vocabunt.

372 3701 535 3789 §scete
547 3705 585 3774 ts
598 3703 810 3791 semestres
824 3704 910 3791 trois
924 3701 1123 3788 §scit-o.
1139 3705 1239 3776 xliiii.

243 3855 390 3958 Istius
412 3888 522 3948 emen
539 3881 651 3949 esbus
665 3903 721 3949 rer
737 3881 855 3949 secie
869 3881 977 3948 caes
991 3883 1027 3948 sn
1041 3881 1169 3968 englis,
1182 3879 1259 3947 ees
1279 3899 1377 3966 gener

241 3971 323 4056 regis
334 3969 448 4036 fuisset
457 3970 593 4056 Anglioe,
603 3971 750 4056 captivus
760 3975 870 4036 temen
881 3970 1102 4051 detinebatur3
1116 3989 1189 4035 cum
1201 3989 1239 4033 eo
1250 3967 1377 4034 eeism¹⁸

289 4181 299 4218 ¹
313 4183 342 4236 0.
354 4180 386 4234 E.
401 4179 456 4234 edd
467 4179 541 4234 dicti.
647 4179 700 4233 ’Bu
714 4181 743 4234 (l.
757 4181 787 4235 Ε.
801 4181 993 4249 cognovissent.
1055 4178 1068 4213 ⁸
1080 4177 1109 4232 B.
1123 4178 1151 4232 0.
1164 4179 1196 4232 D.
1210 4177 1240 4232 ll.
1252 4179 1374 4232 (inillam.

288 4253 300 4287 ⁴
311 4253 339 4306 0.
354 4253 384 4304 Ε.
397 4253 453 4304 odd
463 4255 498 4305 et
649 4247 660 4285 ⁵
673 4253 702 4306 B.
716 4255 791 4304 mults
802 4257 837 4304 et.
1058 4248 1111 4304 ⁸0.
1123 4250 1154 4301 le
1167 4249 1284 4302 collecta

288 4321 342 4378 ²0.
355 4323 384 4375 Ε.
399 4321 521 4391 perlocs.
648 4319 837 4388 ⁸iurepcstel.
1059 4318 1112 4372 ⁹13.
1125 4325 1197 4372 tuno.

277 4391 299 4429 ¹⁰
310 4396 339 4448 0.
353 4393 523 4447 insensibilia
560 4392 590 4446 E.
605 4391 781 4446 incessabilis.
1049 4389 1070 4425 ¹¹
1083 4391 1111 4443 Ο.
1125 4390 1155 4442 R
1170 4389 1331 4457 Monondsy.

277 4463 299 4500 ¹¹
310 4467 339 4519 0.
353 4465 384 4517 R
397 4469 501 4517 vocant.
1045 4459 1067 4495 ¹³
1080 4461 1108 4514 R
1121 4464 1195 4514 omits
1206 4463 1296 4513 sciam.
