3284 5122
665 516 761 565 ldllllll
775 513 943 566 SEPTIMUS.
1329 510 1367 568 81

240 675 292 740 Ex
315 695 379 760 quo
407 677 497 761 patet
521 673 608 759 quod
628 673 853 759 antiquissima
874 673 1042 740 Scotorum
1066 673 1158 742 naoio
1186 694 1207 740 c
1234 673 1371 743 duobus¹

239 762 447 828 nobilissimis
461 761 575 826 mundi
589 761 770 846 regionibus
780 761 1002 847 principaliter
1011 761 1134 826 exorta²
1142 766 1200 840 est,
1209 782 1289 847 quae,
1297 784 1372 828 cum

239 849 307 915 suis
321 849 457 935 propriis
471 853 504 914 et
517 848 717 913 naturalibus
731 845 858 933 regibus
873 847 1024 913 continue
1038 849 1261 932 permanendo,
1275 849 1372 915 fidam

239 942 274 1002 et
295 935 512 1002 obedienciam
533 936 603 1000 sine
623 935 803 1000 variacione
824 935 972 1012 servavit,
987 941 1021 1000 et
1041 955 1099 1020 per
1112 947 1213 1001 annos
1233 936 1299 1002 fore
1321 937 1371 1002 bis

238 1022 336 1101 mille,
351 1023 472 1107 absque
493 1021 703 1106 subjeccionis
724 1021 879 1087 servitute
899 1021 1055 1106 cujusque
1076 1022 1304 1106 imperatorum
1317 1024 1372 1090 vel

237 1130 357 1194 rugum,
371 1109 509 1175 fideliter
532 1108 569 1173 iu
593 1129 653 1210 sua
676 1107 816 1209 naturali
830 1107 1015 1234 oquienoia
1029 1109 1268 1210 contin[u]qvit,
1284 1110 1371 1210 quod

237 1196 512 1348 ttlffll
520 1194 1177 1381 dimidiiffdmmdllldiill
1192 1203 1371 1349 iltuit:

238 1369 332 1448 sium,
345 1369 500 1456 praediota
512 1369 618 1435 naoio⁴
632 1390 674 1435 ex
688 1373 778 1454 parte
793 1368 856 1432 vrri
869 1367 1002 1434 inicium
1018 1368 1140 1447 habuit,
1148 1369 1205 1434 ubi
1219 1370 1322 1455 primo
1338 1377 1372 1436 et

236 1456 458 1541 principaliter
472 1457 576 1522 tocius
590 1455 735 1521 sciencie
745 1453 900 1520 naturalis
911 1455 1060 1520 invenoio
1068 1454 1194 1520 hebuit⁵
1203 1457 1370 1521 exordium

238 1543 284 1608 et⁶
297 1543 445 1628 sumpsit,
460 1548 494 1608 et
508 1544 678 1619 Foroneus,
693 1542 876 1607 Graecorum
889 1561 956 1619 rex,
970 1541 1127 1608 humanas
1142 1543 1156 1606 l
1194 1563 1228 1608 cs
1247 1543 1370 1628 primus

237 1629 391 1694 Romanis
401 1629 543 1695 tradidit.
579 1629 620 1694 In
634 1628 767 1714 AEgipto
780 1627 869 1693 vero⁷
877 1628 981 1713 primo
992 1634 1026 1694 et
1035 1629 1161 1714 princip
1196 1630 1263 1708 ter,
1274 1650 1371 1715 supra

240 1717 348 1782 omnia
357 1737 454 1802 regna
464 1715 587 1794 mundi,
596 1715 734 1781 sciencia
743 1715 945 1780 astronomiae
954 1715 1245 1799 perexcellentium
1254 1715 1369 1783 floruit

237 1801 398 1869 Dominus
412 1804 513 1869 eciam
530 1803 620 1868 Deus
636 1808 670 1867 et
684 1803 780 1867 Pater
794 1802 1007 1886 Omnipotens
1028 1801 1149 1867 Filium
1161 1822 1257 1868 suum
1272 1803 1370 1869 dilec-

236 1894 316 1968 tum,
327 1891 504 1955 Dominum
519 1896 665 1955 nostmm
679 1890 702 1954 J
703 1888 817 1954 hesum
832 1887 1006 1965 Christum,
1020 1887 1061 1952 ob
1075 1889 1235 1954 saevicbm
1249 1889 1369 1954 tiranni

237 1975 384 2054 Herodis,
393 1984 521 2061 propter
534 1977 738 2042 mourimtem
751 1975 787 2040 in
797 1972 980 2075 AEgiptum⁸
988 1975 1165 2040 transmisit
1180 1995 1254 2040 cum
1265 1977 1371 2041 Maria

140 2079 144 2086 ·
237 2069 340 2128 matre
361 2064 439 2148 ejus,
455 2061 542 2148 quod
562 2083 628 2127 non
649 2062 777 2128 iecisset
797 2061 862 2125 nisi
883 2061 1043 2145 regionem
1057 2060 1229 2127 dilexisset.
1275 2061 1371 2127 Unde

238 2168 349 2214 omnes
363 2149 477 2214 famosi
491 2148 643 2228 doctores,
658 2169 694 2214 sa
716 2150 818 2213 ientes
833 2146 1040 2232 cronographi
1055 2145 1102 2212 et⁹
1116 2153 1241 2212 autores
1256 2153 1371 2214 tenent

239 2235 326 2319 quod
341 2235 489 2301 Graecuw
503 2240 554 2301 est
568 2235 660 2320 quasi
709 2234 810 2298 'orum
823 2253 992 2317 regnorum
1007 2233 1144 2313 domina,
1160 2234 1370 2299 scienoiorum

237 2321 411 2400 inventrix,
435 2341 563 2387 morum
584 2329 617 2386 et
641 2321 800 2385 virtutum
821 2319 956 2384 inicium
976 2318 1036 2403 [et]
1052 2319 1171 2399 nutrix,
1184 2320 1313 2386 miliciae
1338 2327 1371 2386 et

238 2427 398 2473 armonrm
419 2407 477 2474 flos
499 2415 533 2474 et
558 2407 716 2485 directrix,
738 2407 830 2491 cujus
854 2426 933 2491 gens
957 2405 1221 2490 ingeniosissima,
1245 2407 1281 2472 in
1302 2413 1371 2473 erto

237 2493 380 2559 bellandi
400 2494 628 2572 strenuissime,
643 2491 735 2559 donis
757 2493 926 2578 sapienciae
938 2492 1081 2577 praedita,
1095 2512 1240 2558 sermone
1253 2493 1370 2559 doctis·

238 2581 322 2646 sima
335 2601 373 2648 ao
388 2581 658 2666 eloquentissima,
673 2580 710 2644 in
730 2579 855 2666 legibus
876 2579 1027 2664 praeclara
1041 2586 1074 2645 et
1088 2579 1208 2645 eisdem
1230 2580 1370 2659 subdite,

237 2669 321 2733 circe
346 2676 513 2734 extraneos
538 2666 716 2733 misericors
738 2672 771 2732 et
792 2665 854 2751 pia,
876 2665 961 2731 circa
981 2665 1102 2731 incolas
1123 2667 1264 2752 pacifica,
1286 2667 1371 2732 circa

237 2754 428 2840 domesticos
454 2755 572 2840 quieta,
597 2753 714 2819 vicinis
742 2751 890 2838 benignis
913 2750 1063 2838 graciosa,
1088 2758 1199 2818 contra
1227 2753 1370 2819 hostium

236 2841 396 2908 insidias¹¹
404 2841 653 2920 bellicosissima,
665 2846 702 2904 ut
712 2839 815 2925 primo
826 2844 915 2924 petet
924 2839 964 2904 de
976 2838 1220 2906 destruccione¹2
1227 2841 1369 2906 civitatis

237 2927 398 3013 lbojenae;
419 2928 560 2994 secundo
585 2928 625 2993 de
653 2925 837 2992 Alexandro
866 2926 985 3011 Magno
1015 2933 1249 3010 conquestor&
1270 2929 1369 2993 tercio

237 3013 277 3080 de
306 3015 518 3082 Constantino
547 3015 676 3100 Magno,
702 3013 892 3079 Christiane
921 3012 1084 3098 religionis
1113 3019 1369 3099 augmentatum

237 3108 349 3186 quarto
359 3103 399 3167 de
408 3100 611 3178 Aristotile‚¹⁸
619 3099 881 3186 philosophorum
889 3099 1034 3184 principe
1043 3105 1076 3164 et
1084 3099 1271 3165 clericorum
1279 3101 1369 3181 flore3

235 3187 349 3272 quinto
371 3188 411 3255 de
432 3188 653 3254 robustissimo
675 3185 824 3266 Hercule,
846 3185 903 3271 qui
925 3185 1138 3270 columpnas¹⁴
1152 3185 1274 3252 aereas¹⁸
1295 3187 1369 3252 fixit

235 3274 273 3340 in
294 3273 376 3341 mari
397 3275 519 3342 Godico
541 3275 578 3339 in
600 3273 850 3340 occidentalibus
870 3271 984 3337 mundi
998 3272 1124 3351 finibus,
1139 3279 1173 3338 et
1197 3273 1266 3358 ejus
1287 3274 1369 3338 mira

234 3361 431 3440 fortitudine,
449 3361 544 3446 quod,
563 3360 642 3427 licet
654 3365 814 3446 postremo
828 3359 987 3437 recitatur,
1001 3359 1103 3443 primo
1118 3365 1228 3426 temen
1242 3359 1368 3426 debuis-

236 3447 311 3512 set¹⁶
324 3449 458 3527 recitari,
473 3469 569 3514 causa
583 3447 785 3532 antiquitatis
799 3445 877 3512 licet
891 3465 956 3510 non
970 3444 1185 3512 nobilitatis.¹⁷

284 3645 294 3682 ¹
307 3649 335 3702 O.
349 3649 380 3700 F.
393 3648 503 3700 duabus.
1009 3641 1062 3697 ²E.
1076 3649 1156 3700 sorta

283 3715 335 3771 'D
350 3719 377 3771 G.
391 3717 596 3786 quibuscunque.
633 3717 663 3768 E
676 3715 875 3784 quibuscunque
886 3715 922 3767 in.

282 3787 294 3822 ⁴
306 3790 334 3841 (l.
348 3794 418 3841 nato
524 3785 577 3842 ⁶13.
591 3789 619 3841 0.
633 3787 665 3838 D.
679 3787 709 3838 D
722 3787 782 3838 omit
791 3785 893 3838 hebuit
1008 3783 1060 3838 ο(3.
1074 3787 1107 3838 D.
1121 3787 1151 3838 n
1164 3791 1225 3840 omit
1236 3792 1271 3840 et

282 3856 533 3912 'officiatum
624 3855 917 3924 ⁸ltregnumOEgipti
1006 3852 1111 3908 Ἐκ.

271 3928 294 3966 ¹⁰
304 3931 333 3982 0.
347 3931 377 3982 F.
391 3929 526 3991 (imolam.
541 3929 595 3981 oud
606 3930 667 3981 omit
678 3933 727 3982 est.
994 3923 1016 3960 ¹¹
1028 3927 1057 3980 O.
1072 3927 1103 3979 D.
1117 3927 1235 3980 incidias.

271 3998 293 4036 ¹¹
303 4001 500 4053 constr-nacione
512 4000 608 4052 odsred
620 4000 684 4050 later
695 4005 720 4049 to
731 3997 918 4050 destruccione.
954 3996 987 4048 D.
997 3997 1189 4050 destruxoione.

270 4069 293 4106 ¹³
305 4073 336 4123 D.
349 4069 502 4123 Aristotele.
609 4067 632 4104 ¹⁴
643 4069 670 4122 0.
684 4069 843 4134 columpnas.
993 4065 1015 4101 ¹⁵
1027 4067 1057 4118 Ε.
1067 4083 1161 4120 osneaa

270 4140 292 4176 ¹⁰
304 4143 332 4196 G.
346 4143 375 4195 F.
389 4141 519 4194 debuisse
608 4137 629 4175 ¹¹
642 4141 671 4192 Β.
685 4139 867 4192 notabilitatis.
