3284 5122
630 503 726 552 mana
741 503 908 554 sammua.
1295 495 1333 555 91

206 664 256 724 est
270 659 421 744 excepcio
435 660 663 745 pemouarum.¹
699 661 774 726 Alia
788 661 933 728 condicio
943 662 1028 727 hona
1038 662 1134 746 quod,
1149 662 1178 728 si
1189 665 1340 729 erraverit

205 767 272 826 rex,
293 749 422 832 cognito
447 768 558 825 errore,
579 767 646 812 non
668 749 787 832 pudeat
811 769 885 814 eum
899 769 1036 814 errorem
1057 770 1154 814 suum
1174 769 1341 831 revocara3

205 855 282 898 nam
303 855 386 918 papa
407 835 597 900 universalis
619 835 811 900 multociens
833 840 925 912 errat,
939 841 1050 901 tamen
1071 835 1253 921 dicitquod
1273 858 1339 902 non

205 920 307 1004 pudet
321 942 396 986 eum
410 943 546 988 errorem
567 942 664 988 suurn
684 942 838 988 revocare.
881 923 958 987 Alia
979 923 1124 988 condicio
1139 923 1225 1008 quod
1239 923 1342 988 nichil

205 1013 325 1074 temere
339 1009 436 1073 faciat
457 1009 611 1094 sanguine
626 1009 737 1087 calido,
752 1009 809 1074 sed
823 1009 1002 1075 vindictam
1016 1009 1137 1074 deierat
1154 1010 1254 1076 donec
1268 1030 1340 1095 per-

205 1095 347 1160 transeat
357 1096 417 1176 ira;
431 1116 507 1159 nam
522 1097 570 1160 ira
584 1095 719 1179 impedit
735 1095 889 1173 animum,
897 1116 938 1161 ne
949 1095 1069 1180 posset²
1081 1117 1206 1162 eernere
1217 1118 1340 1175 verum,

204 1201 264 1246 nec
278 1182 325 1246 ira
338 1182 400 1246 viri
411 1182 579 1266 justiciam
593 1183 658 1248 Dei
672 1188 828 1268 operatur.
870 1183 947 1247 Alia
961 1181 1118 1248 condicio⁸
1132 1189 1183 1248 est
1197 1183 1284 1267 quod
1298 1183 1339 1250 de

203 1267 270 1333 levi
284 1289 350 1333 non
364 1269 473 1335 credat
487 1269 669 1346 relationes,
690 1269 918 1349 blandimenta,
931 1269 984 1336 vel
1002 1269 1214 1348 adulaciones,
1229 1276 1340 1336 contra

204 1354 373 1423 eonsilium
396 1375 502 1434 auum,
523 1357 624 1421 donec
646 1356 758 1422 audiat
782 1356 916 1422 alteram
938 1362 1071 1440 partem,
1093 1363 1126 1421 et
1148 1357 1249 1441 quod⁴
1262 1378 1338 1422 eon·

204 1442 324 1506 sideret
346 1463 477 1508 eausam
497 1443 665 1508 relaoidnia
687 1449 720 1508 et
740 1463 891 1528 personas
906 1449 940 1508 et
954 1443 1225 1520 circumstancias,
1239 1443 1339 1510 donee

203 1528 365 1614 intelligat
379 1530 626 1596 fundamentum
641 1534 674 1596 et
686 1531 827 1594 radicem
843 1530 929 1595 unde
943 1529 1133 1614 perveniat.l
1175 1531 1250 1595 Alia
1264 1550 1340 1596 con-

205 1615 288 1680 dicio
310 1616 434 1702 optima
447 1617 535 1702 quod
548 1638 605 1682 rex
626 1624 796 1702 cognoscat
817 1617 898 1683 bena
920 1619 1039 1682 amicos
1061 1637 1135 1683 suos
1151 1622 1184 1684 et
1197 1617 1340 1696 aemulos,

204 1708 237 1768 et
266 1709 378 1768 caveat
402 1703 482 1770 hene
508 1704 574 1769 cui⁶
598 1703 720 1770 revelat
744 1703 883 1768 archana
905 1703 1009 1769 cordis
1038 1704 1108 1784 sui;
1138 1705 1216 1788 quia
1240 1705 1338 1769 multi

204 1789 399 1856 dissimilent
420 1791 608 1868 amiciciam,
629 1791 688 1875 qui
708 1790 829 1856 habent
839 1811 1000 1856 venenum
1022 1791 1172 1875 aspidum
1192 1792 1253 1856 sub
1275 1790 1339 1856 lin-

203 1896 267 1960 gua
287 1897 407 1955 eorum,
421 1884 455 1942 et
468 1879 505 1942 in
518 1878 677 1963 principio
699 1877 823 1942 intrant
843 1877 971 1957 blande,
986 1882 1019 1942 et
1040 1878 1076 1943 in
1092 1879 1156 1942 fine
1177 1876 1337 1944 mordent⁷

203 1969 241 2026 ut
263 1963 393 2030 coluber
404 1987 412 2044 ;
437 1971 471 2030 et
492 1964 684 2050 specialiter,
702 1964 880 2030 seeundum
901 1964 1113 2042 Salomonem,
1126 1965 1180 2030 Ab
1203 1965 1253 2029 ea³
1266 1986 1339 2048 quae

204 2049 372 2116 dormitio
387 2051 461 2116 sinu
480 2073 539 2117 suo
552 2051 713 2117 custodiat
733 2051 910 2116 elaustnrm
924 2052 988 2116 oris
1003 2051 1061 2116 sui.
1105 2051 1182 2116 Alia
1193 2051 1338 2116 condicio

203 2136 291 2220 quod
305 2157 362 2202 rex
379 2157 445 2202 non
459 2138 554 2204 debet
568 2157 638 2204 ease
659 2136 740 2204 levis
755 2139 790 2202 in
811 2143 912 2222 gestu,
926 2158 985 2204 nec
1007 2157 1165 2222 arrogans,
1186 2158 1245 2203 nec
1266 2159 1338 2203 ver·

203 2222 301 2287 bosus
322 2223 469 2302 nimium,
489 2225 554 2290 nisi
575 2225 611 2288 in
631 2229 774 2309 tempore
795 2224 913 2301 debito,
930 2223 1082 2302 modeste,
1096 2224 1283 2308 eloquenter
1304 2232 1338 2290 et

203 2309 379 2392 prudenter
383 2333 392 2389 ;
405 2315 439 2376 et
453 2311 519 2376 sint
530 2313 626 2376 verba
639 2313 709 2396 ejus
720 2311 881 2395 sapienter
892 2311 1019 2389 situata,
1030 2331 1114 2384 nam,
1125 2331 1199 2376 cum
1214 2309 1339 2394 prolata

204 2395 333 2473 fuerint,
347 2416 413 2462 non
434 2398 552 2482 poterit
566 2417 604 2462 ea
617 2405 700 2464 retro
721 2398 855 2464 trahere.
898 2397 976 2462 Alia
997 2397 1142 2462 condicio
1163 2397 1250 2480 quod
1272 2418 1337 2461 non

205 2482 314 2548 debet⁰
328 2483 558 2550 histrionaliter
571 2484 624 2549 vel
638 2485 823 2551 indecenter
833 2484 979 2561 vestitus,
989 2485 1043 2549 vel
1057 2483 1142 2548 ludis
1157 2483 1336 2548 inhonestis

203 2569 429 2654 coinquinatis
441 2594 449 2652 ;
463 2591 573 2656 ymmo
583 2577 676 2657 gestu
690 2577 724 2637 et
737 2577 836 2651 motu,
848 2571 930 2650 visu,
944 2571 1067 2636 intuitu
1076 2571 1192 2655 gravis,
1202 2570 1336 2650 sobrius,

182 2667 191 2722 J
203 2662 237 2722 et
258 2655 294 2721 in
308 2657 422 2722 habitu
439 2677 595 2742 apparens
610 2659 686 2724 talia
701 2659 806 2743 qualis
821 2658 907 2743 [est].
951 2657 1054 2723 Alia¹⁰
1067 2657 1154 2742 quod
1177 2657 1269 2743 [non]
1293 2657 1339 2722 sit

202 2743 301 2810 nimia
322 2745 490 2810 familiaris
511 2745 565 2810 vel
585 2745 727 2823 humilis,
749 2747 827 2830 quia
847 2745 926 2810 talia
949 2743 1086 2828 pareut¹1
1108 2749 1338 2828 contemptum,

203 2835 236 2894 et
257 2831 299 2896 ad
313 2830 490 2898 stulticiam
505 2830 733 2916 imputatur31¹
758 2831 835 2917 quia
848 2832 904 2896 ubi
919 2831 1057 2896 nimium
1072 2837 1217 2896 servatur
1231 2830 1337 2895 humi·

201 2915 312 2995 litas‚¹³
332 2919 463 3004 regendi
477 2920 635 3004 frangitur
656 2919 819 2997 autoritas,
840 2923 874 2984 et
894 2919 967 2983 ideo
991 2918 1038 2984 sic
1057 2938 1092 2984 ae
1113 2918 1230 2983 habeat
1251 2919 1337 2983 inter

203 3002 267 3070 duo
284 3011 436 3084 anaema,
451 3005 692 3090 arroganciam¹⁴
706 3013 740 3071 et
754 3005 981 3083 humilitatem,
995 3010 1032 3070 ut
1047 3005 1201 3070 timeatur
1214 3013 1247 3070 et
1262 3004 1338 3069 dili·

201 3098 314 3176 gatur3
340 3092 397 3157 sed
411 3091 485 3176 plus
503 3093 612 3177 cupiat
627 3093 727 3158 amari
741 3112 839 3176 quam
854 3093 969 3169 timeri,
984 3091 1050 3157 hoc
1059 3097 1117 3169 est,
1131 3097 1169 3156 ut
1184 3091 1337 3176 diligatur

202 3197 221 3242 a
242 3178 335 3244 bonis
357 3178 417 3244 et¹⁵
437 3180 591 3244 timeatur
604 3200 624 3245 a
638 3179 740 3244 malis.
785 3179 879 3256 Item,
893 3179 956 3243 alia
970 3178 1055 3244 bona
1079 3177 1225 3243 condicio
1248 3177 1335 3262 quod

201 3264 330 3331 studeat
344 3265 561 3332 discordantes
575 3266 614 3330 ad
630 3267 803 3330 fraternam
817 3285 929 3350 pacem
943 3285 1096 3330 revocare
1142 3265 1234 3342 Item,
1250 3263 1336 3348 quod

201 3358 365 3418 monetam
389 3372 481 3418 suam
503 3352 545 3417 ad
569 3352 744 3418 utilitatem
768 3352 815 3418 rei
840 3351 979 3437 publicae
1003 3351 1131 3416 studeat
1155 3350 1333 3416 reformare.

203 3437 296 3514 Item,
311 3445 478 3506 extraneos
499 3439 671 3505 honorilice
687 3445 856 3523 receptare,
872 3444 905 3502 et
926 3439 967 3503 ab
982 3439 1131 3502 omnihus
1152 3437 1280 3522 injuriis
1303 3443 1336 3502 et

201 3523 441 3609 impedimentis
465 3525 633 3592 defendere
658 3531 693 3592 et
717 3545 912 3602 conservare,
941 3545 979 3590 ac
1003 3525 1113 3590 literas
1142 3523 1338 3609 requisitaa¹⁰

202 3610 249 3675 eis
262 3615 423 3696 gratanter
441 3611 620 3678 concedere.
664 3613 833 3678 Cereatae
848 3632 923 3676 cum
944 3611 1227 3676 excommunicatis
1249 3631 1335 3676 com·

201 3698 373 3776 manicare,
387 3699 598 3764 histrionibus
613 3704 646 3764 et
663 3698 894 3784 joculatoribus
912 3719 978 3762 non
992 3698 1165 3775 intendere,
1181 3697 1335 3763 derisores

201 3785 326 3868 punire,
351 3793 503 3872 negantes
531 3786 568 3851 in
592 3785 677 3851 ludis
703 3781 836 3850 Deum¹⁷
862 3791 895 3850 et
920 3783 1178 3870 blasphemantes
1207 3790 1334 3850 sanctos
1388 3854 1395 3869 ‚

247 4047 729 4171 itltsst‘tttthtffltl
738 4046 806 4167 pa
817 4044 896 4098 aa.
1017 4041 1071 4168 i}
1084 4044 1316 4183 difflue.

247 4187 300 4241 οΒ.
314 4205 381 4240 eum.
595 4185 647 4240 ¹13.
662 4185 688 4239 (l.
703 4187 734 4237 D.
749 4187 778 4238 E.
792 4185 957 4238 mordebunt
1015 4181 1067 4236 οΒ.
1082 4201 1120 4238 eo.

247 4257 300 4311 9Β.
314 4259 341 4310 0.
356 4257 386 4308 E.
400 4259 455 4310 aad
466 4275 529 4310 esse.
663 4253 725 4308 ¹⁰0.
739 4257 768 4308 Ε.
782 4257 828 4308 ita.
865 4257 895 4307 B.
908 4256 1106 4308 oddseondicio
1119 4259 1167 4307 est

236 4328 256 4363 ¹¹
268 4329 297 4382 B.
312 4328 424 4396 parient
663 4325 914 4392 ”amputantes
1006 4324 1066 4378 ¹³0.
1081 4326 1110 4376 Ε.
1124 4325 1284 4378 humanitas.

235 4398 257 4433 ¹⁴
268 4401 296 4453 0.
311 4401 341 4452 ll.
355 4399 442 4452 adds.
662 4394 724 4450 ¹⁶0.
739 4399 858 4450 miset
1002 4394 1065 4450 ¹⁰0.
1079 4396 1108 4448 E
1123 4396 1273 4462 requisitus.

665 4465 686 4503 ¹⁷
697 4468 725 4520 O.
740 4468 769 4519 Ε.
783 4471 844 4519 omit
855 4467 949 4519 Deum.
