3240 5130
594 495 690 544 LIBER
705 493 859 546 DECIMUS.
1227 481 1287 540 365

249 739 410 824 §equitem
424 739 463 807 ab
479 739 538 806 bac
552 737 587 806 br
601 737 713 814 rohten.
729 757 798 806 cam
812 735 1095 806 intimastis-d.
1109 736 1193 805 sisi

162 851 313 952 »ΠΧ
323 897 398 941 vero
409 875 602 961 Burgundiae
615 875 697 940 forta
710 875 793 940 bono
804 873 872 940 zelo
886 871 1045 958 putativo¹
1054 873 1122 939 haec
1133 871 1291 938 universis

162 964 287 1029 civibus
316 964 487 1028 civitatum
511 962 735 1048 pmdictarum
763 962 874 1028 offerre
902 961 1040 1038 volebat,
1067 961 1227 1046 poenitens
1256 979 1291 1023 ee

162 1049 283 1115 eisdem
291 1049 407 1134 Anglis
416 1055 545 1114 tuntum
553 1049 695 1114 favorem
705 1055 739 1114 et
749 1048 928 1114 subsidium
938 1048 1101 1128 tribuiss03
1118 1048 1236 1112 timens
1250 1065 1292 1110 ne

161 1135 254 1215 mala,
266 1135 364 1220 quod²
373 1136 424 1201 sui
434 1136 529 1221 culpa
539 1141 572 1200 et
582 1133 770 1201 occasionis⁸
778 1155 873 1219 regno
884 1134 1025 1199 Fhanciae
1035 1135 1292 1220 supervenerant,

162 1237 228 1288 suas
249 1223 489 1308 dampnacionis
510 1240 607 1287 causa
627 1228 660 1287 et
679 1219 964 1288 exhereditationis
985 1219 1138 1286 heredum
1160 1239 1291 1285 suorum

162 1310 270 1374 futura
294 1309 363 1376 fieri
386 1309 576 1395 potuissent.
620 1310 725 1387 Quam
750 1307 852 1373 eciam
876 1306 1072 1372 oblacionsm
1096 1313 1232 1372 rectores
1258 1311 1292 1370 et

161 1397 387 1482 gubernatores
402 1396 571 1460 civitatum
584 1400 745 1480 &stanter
758 1400 954 1478 receperunt,
967 1393 1094 1478 proviso
1109 1393 1194 1477 quod
1213 1394 1291 1476 ipse,

162 1504 220 1568 per
247 1501 343 1548 suum
371 1503 524 1568 maguum
552 1488 787 1546 sacramentum
818 1481 912 1546 tactis
941 1479 1141 1564 ewangelicis
1169 1479 1291 1543 lactum

59 1583 62 1591 '
162 1571 211 1634 in⁴
231 1589 290 1635 suo
310 1569 415 1655 sigillo
436 1568 611 1634 roborando
632 1568 679 1633 eis
700 1567 930 1644 transmissum,
951 1566 1072 1632 eisdem
1093 1565 1292 1652 promitteret

162 1657 249 1740 quod
270 1676 455 1739 nuncquam
476 1655 511 1718 in
534 1653 734 1739 subjeccione
755 1654 932 1739 Anglorum
957 1673 1010 1719 eos
1032 1653 1196 1738 subjugari
1220 1672 1292 1736 per-

163 1744 313 1808 mitteret.
358 1742 452 1822 Quod
472 1741 520 1806 its
533 1741 655 1807 factum
677 1747 734 1818 est,
749 1747 782 1806 et
802 1741 869 1826 regi
883 1741 1024 1806 Francis
1045 1761 1102 1824 per
1123 1739 1291 1824 praedictos

162 1828 250 1893 cives
264 1829 501 1908 denunciatum,
516 1827 658 1894 dicentes
673 1848 726 1893 eos
741 1829 851 1912 pocius
866 1827 949 1892 velle
964 1826 1044 1890 mori
1059 1847 1156 1910 quam
1169 1825 1291 1911 Anglo-

162 1935 235 1979 rum
249 1914 369 1980 dicioni
383 1914 557 1999 subjugari
598 1915 692 1994 Quod
699 1915 813 1979 videns
827 1934 883 1978 rex
897 1913 1048 1991 Franciae,
1062 1913 1162 1978 nimio
1176 1931 1293 1996 pavore

164 2001 358 2086 perterritum,
371 2001 507 2066 iturnm⁵
517 2021 551 2066 se
562 2000 604 2065 ad
617 2021 723 2086 regern
737 2000 855 2066 Scociae
869 2001 892 2064 J
894 1999 1036 2076 acobum,
1046 1998 1143 2083 hujus
1153 1998 1293 2063 nominis

164 2088 312 2173 primum,
338 2088 486 2152 omnibus
509 2087 632 2152 viribus
661 2108 695 2152 se
723 2105 898 2171 praeparare
926 2086 1092 2168 disposuit.
1137 2085 1223 2148 Nam
1251 2105 1292 2148 ex

164 2175 254 2239 omni
275 2179 364 2258 parte
385 2174 532 2238 inimicos
553 2173 667 2239 hahuit
688 2173 849 2258 capitales,
863 2172 923 2236 viz.
941 2171 1056 2237 ducem
1078 2171 1230 2235 Britanisa
1252 2189 1292 2234 ex

164 2267 255 2346 parte
284 2259 482 2338 occidentali,
511 2261 626 2325 ducem
655 2258 849 2344 Burgundiee
877 2275 951 2323 cum
981 2257 1097 2342 Anglis
1133 2278 1174 2323 ex
1202 2261 1293 2341 parte

163 2346 286 2425 boriali,
307 2347 422 2412 ducem
443 2345 557 2412 eciam⁶
573 2346 743 2412 Burbonise
765 2365 802 2411 ac
823 2344 937 2410 ducem
959 2341 1129 2410 Salandiae⁷
1144 2364 1185 2408 ex
1203 2349 1294 2428 perte

164 2433 321 2512 orientali,
336 2455 373 2499 ac
391 2433 570 2518 principem
585 2433 730 2518 Orangiae
751 2452 827 2498 cum
846 2451 918 2517 rege
932 2429 1128 2516 Armgoniae⁸
1142 2451 1181 2496 ex
1203 2435 1294 2518 purte

164 2520 318 2600 australi;
339 2528 460 2585 etcum
478 2520 608 2605 juvenis
630 2526 698 2585 erat
712 2523 745 2584 et
758 2519 928 2604 pecuniam
948 2537 1083 2603 paucam
1097 2513 1294 2594 haberet?-

165 2608 314 2690 sineque
334 2607 435 2672 nichil
449 2613 498 2672 est
511 2607 664 2685 validum,
679 2605 781 2670 nichil
798 2605 876 2670 boni
897 2605 1019 2670 fectum
1040 2605 1076 2668 in
1096 2609 1294 2688 guerra-et

164 2695 211 2759 sic
227 2693 295 2759 sine
309 2713 366 2778 spe
381 2692 540 2778 adjutorii,
551 2693 731 2778 disperatus
745 2693 834 2756 omni
844 2691 974 2769 auxilio,
989 2689 1122 2755 consilio
1133 2697 1166 2754 et
1176 2689 1294 2767 lavore,

165 2781 338 2846 destitutus
359 2781 503 2865 pecunia,
518 2787 634 2845 exutus
656 2780 765 2857 servis,
786 2778 853 2844 suis
874 2777 1033 2864 belligeris
1054 2777 1243 2853 denudatus,
1257 2775 1295 2839 iu

164 2867 257 2933 corde
281 2884 428 2946 moerens,
453 2868 539 2932 solus
564 2866 702 2945 relictus,
727 2866 812 2930 inter
837 2865 1000 2950 augustias
1025 2863 1159 2948 positus,
1182 2861 1294 2948 pocius

163 2954 245 3019 mori
267 2974 364 3038 quam
378 2954 486 3019 vivere
505 2953 697 3030 desiderans,
710 2951 950 3017 lacrimabiliter
971 2951 1169 3036 loquebatur,
1184 2949 1294 3014 dicens

163 3041 263 3107 flebili
275 3062 369 3107 voce:
391 3041 470 3105 “Ad
481 3039 525 3107 Te
538 3040 647 3106 levavi
666 3040 773 3105 oculos
788 3057 884 3117 meos,
900 3037 957 3122 qui
970 3037 1097 3102 habites
1112 3037 1147 3101 in
1169 3034 1258 3101 coelis
1268 3034 1294 3115 ;”

165 3132 206 3205 et,
231 3127 378 3193 “Ievavi
403 3127 511 3193 oculos
540 3147 629 3192 meos
657 3127 693 3191 in
721 3131 855 3204 montes,
883 3126 970 3190 unde
998 3125 1108 3189 veniat
1136 3121 1294 3188 auxilium

165 3212 302 3293 michi;¹’
331 3234 368 3278 ac
393 3215 503 3291 eciam,
531 3213 612 3280 “Ad
636 3213 814 3279 Dominum
839 3233 913 3278 cum
937 3211 1107 3276 tribularer
1131 3207 1296 3274 clamavi.'’

166 3297 335 3363 Oonfessor
348 3299 435 3363 enim
454 3301 522 3384 ejus
545 3299 679 3364 devotus
693 3305 761 3365 erat
782 3299 950 3383 episcopus
964 3297 1024 3362 viz.
1039 3295 1227 3372 Castrensis,
1241 3294 1295 3359 cui

166 3383 282 3449 cotidie
304 3385 392 3447 omni
413 3385 465 3449 die
487 3386 715 3466 confitebatur3
737 3391 770 3450 et
790 3387 826 3448 in
849 3384 939 3449 sestis
963 3389 1195 3448 sacramentum
1218 3381 1294 3446 Cor·

165 3470 251 3554 poris
263 3469 384 3535 Christi
398 3471 544 3554 sumpsit,
559 3478 622 3534 tres
637 3471 749 3535 missas
763 3471 897 3555 genibus
905 3470 998 3534 flexis
1013 3469 1126 3534 devote
1135 3468 1294 3543 audiebat,

166 3557 342 3621 matutinas
356 3557 524 3622 canonicas
538 3557 643 3621 dicere
657 3576 724 3620 non
738 3555 914 3633 omittebat,
926 3575 999 3620 cum
1014 3557 1192 3620 animarum
1208 3573 1294 3618 com-

166 3643 495 3709 memoracionibusz¹⁰
509 3649 542 3708 et
552 3641 612 3706 hoc
627 3643 714 3706 omni
729 3641 781 3707 die
791 3641 904 3706 mundi
918 3662 992 3706 cum
1007 3641 1079 3706 aliis
1095 3639 1293 3706 oracionibus

166 3729 354 3795 celebrabat.
397 3730 441 3795 Et
460 3730 508 3796 sic
530 3727 814 3814 appropinquando
836 3749 870 3792 se
891 3727 932 3792 ad
954 3728 1132 3814 Rupellam,
1146 3725 1203 3789 nbi
1225 3725 1294 3808 ipse

164 3817 353 3882 intendebat
367 3817 534 3883 ascendere
549 3836 673 3894 navem,
687 3815 722 3880 in
744 3815 875 3880 civitate
890 3814 1063 3880 fortissime
1076 3813 1179 3878 tocius
1194 3812 1293 3875 Fran·

166 3905 224 3968 cias
244 3905 489 3970 transmutando
506 3902 616 3990 locum
638 3923 671 3968 se
693 3902 833 3980 inclusit,
848 3901 989 3968 Pictavis
1006 3905 1135 3966 vocata:
1156 3898 1213 3961 nbi
1234 3917 1293 3980 pro

214 4117 224 4152 ¹
239 4119 267 4172 0.
281 4120 311 4171 Ε.
324 4119 437 4186 putarit.
613 4115 664 4170 Ἰ0.
679 4117 707 4170 Ε
722 4133 787 4184 quae.
942 4113 993 4166 ³0.
1007 4113 1037 4164 Ε.
1051 4110 1191 4162 occasione

212 4189 267 4243 ⁴13.
280 4191 307 4242 0.
321 4191 353 4242 D.
367 4190 397 4241 Ε.
411 4193 446 4240 et.
940 4185 991 4236 δΒ.
1006 4185 1110 4234 iterum.

213 4259 265 4312 ⁰13.
280 4276 349 4311 vero.
387 4260 415 4312 (l.
429 4260 460 4311 Ε.
474 4257 682 4311 hocellursonia.

213 4327 266 4381 ἵΒ.
279 4329 413 4383 Selsndiaet
452 4331 480 4382 O.
495 4331 524 4380 E.
539 4329 682 4382 Sassudiae.
939 4323 991 4377 ⁸0.
1005 4324 1036 4375 Ε.
1050 4322 1226 4390 Arroganniae.

213 4397 225 4432 ⁰
237 4401 265 4452 0.
280 4401 310 4453 Ε.
323 4417 433 4467 paucum
445 4417 596 4467 recuperare
608 4400 685 4452 rebus
697 4403 728 4450 ut
740 4399 777 4452 sic
789 4399 922 4452 stantibus
934 4399 1046 4464 poterat.

202 4470 225 4504 ²⁰
237 4470 265 4524 G.
279 4472 310 4523 Ε.
322 4471 571 4523 commemorscione
583 4470 754 4522 oracionibus.
