3286 5112
292 470 352 529 296
650 454 1035 534 uieiioaosoruomus.

289 639 449 722 quomodo
474 639 637 706 firmarent
661 641 716 708 eo²
740 641 930 708 inconsulto.
975 640 1070 721 Quod
1094 659 1280 707 eoncessum
1308 647 1366 718 est,
1388 647 1422 706 et

289 747 404 794 aurum
417 725 503 792 inter
515 727 651 811 majores
673 727 763 814 regui
788 728 950 794 divisum:
982 748 1024 794 ex
1046 748 1111 813 quo
1135 734 1248 813 postes
1268 747 1422 812 magnum

289 814 467 897 dampnum
498 813 535 878 in
558 815 703 900 partibus
728 815 902 881 Laudoniae
925 835 983 900 per
1003 814 1159 900 Anglioos
1184 820 1330 880 secutum
1363 821 1422 879 est.

288 900 411 966 Eodem
424 920 500 965 vero
514 920 599 966 auno
612 901 746 967 Domini
760 915 801 966 Μ’)
809 902 921 968 ooo⁰lv
929 901 1097 980 Patricius,
1111 921 1217 967 comes
1228 901 1268 966 de
1276 901 1422 977 Dunbar,

289 1007 364 1051 oum
378 986 508 1052 domino
518 987 683 1053 Willelmo
694 988 734 1054 de
744 988 897 1089 Douglas,
907 989 1037 1054 domino
1045 987 1199 1073 ejusdem,
1213 995 1248 1053 et
1256 987 1423 1052 Willelmo

289 1073 432 1158 Ramsay
445 1073 485 1139 da
499 1073 675 1160 Dalwosy,²
688 1075 724 1140 in
737 1074 891 1160 Angham
911 1075 1058 1141 volantes
1079 1074 1257 1140 vindictam
1279 1074 1321 1140 de
1335 1093 1422 1225 plra-

289 1159 394 1225 teritis
414 1159 509 1226 malis
530 1161 682 1246 experire,
696 1161 924 1227 ordinaverunt
937 1161 1060 1228 dictum
1074 1161 1233 1239 comitem
1246 1181 1321 1226 oum
1360 1160 1422 1225 'oto

290 1246 455 1312 Willelmo
469 1246 510 1313 do
519 1247 669 1332 Remsay,
682 1249 718 1313 in
731 1249 883 1333 Angliam
897 1248 1039 1334 praedam
1052 1245 1214 1334 quandam
1228 1247 1379 1333 occipere,
1388 1253 1422 1312 et

290 1333 326 1397 in
348 1334 492 1400 Soociem
513 1335 678 1413 abducere,
699 1355 802 1420 usque
825 1335 868 1400 ad
893 1343 1017 1402 certum
1037 1334 1145 1401 locum
1172 1334 1209 1399 in
1232 1353 1297 1420 quo
1316 1333 1422 1400 dictus

290 1418 474 1486 Willelmus
487 1421 529 1488 do
542 1422 686 1508 Douglae
708 1441 743 1488 se
764 1421 800 1486 in
821 1421 950 1488 insidiis
969 1421 1094 1488 occulte
1116 1441 1226 1487 eorum
1247 1419 1422 1486 adveutum

290 1512 481 1591 expectaret
540 1508 635 1586 Quod
662 1509 783 1574 lactum
808 1515 876 1574 est:
908 1509 1062 1595 quoniam
1089 1507 1229 1594 Anglioi,
1250 1505 1287 1571 in
1307 1527 1424 1592 magna

290 1592 502 1660 multitudine
552 1594 671 1659 raedam
699 1602 880 1680 sequentes,
911 1603 946 1661 ct
981 1596 1022 1662 de
1057 1594 1145 1662 dioto
1180 1591 1346 1659 Willelmo
1380 1593 1421 1658 de

292 1680 435 1764 Dougles
448 1615 553 1745 nicil
565 1681 711 1758 scientos,
732 1702 835 1766 usque
849 1681 891 1748 ad
904 1680 1066 1767 quandam
1086 1681 1194 1748 locum
1207 1681 1266 1765 qui
1286 1678 1422 1746 Nesbet⁸

291 1773 425 1832 vocabu
437 1767 612 1844 venientes,
626 1787 684 1852 per
696 1768 865 1853 prodicus
879 1768 998 1835 Scociae
1009 1768 1155 1835 dominos
1174 1765 1316 1852 superati
1336 1773 1422 1845 sunt,

291 1851 338 1918 et⁴
352 1852 447 1937 capti,
461 1853 558 1918 oooisi
572 1853 618 1919 et⁶
626 1854 786 1933 trucidati,
799 1863 897 1941 etque
909 1856 946 1921 in
956 1855 1164 1922 miserimam⁶
1172 1854 1282 1939 iugem
1292 1852 1422 1954 repulsi

292 1939 451 2005 Praeterea
463 1959 539 2006 vero
548 1940 682 2024 quidem
696 1941 850 2020 Gallicus,
870 1943 988 2028 emptis
1008 1940 1201 2027 quibusdum
1214 1939 1368 2026 Angliors,
1389 1945 1424 2004 et

292 2045 403 2092 corum
430 2025 653 2112 redempcione
680 2028 794 2107 soluto,
823 2028 960 2107 eosdem,
984 2029 1021 2093 in
1048 2028 1227 2095 vindictam
1254 2025 1423 2112 enjusdam

292 2112 398 2178 fratis
419 2113 471 2178 sui
492 2114 528 2178 in
548 2113 684 2180 Francia
704 2115 874 2193 interlecti,
896 2115 1025 2201 publice
1047 2115 1221 2199 decapitari
1240 2113 1326 2180 fecit
1370 2113 1422 2177 Ex

290 2205 381 2284 parta
395 2220 470 2266 vero
483 2200 663 2286 Anglorum
676 2201 773 2268 multi
793 2203 917 2268 nobiles
939 2201 1027 2289 capti
1049 2207 1136 2280 sunt,
1158 2209 1193 2268 ot
1213 2220 1330 2286 magno
1351 2200 1422 2265 auri

290 2286 397 2371 precio
409 2286 575 2372 redempti.
618 2287 670 2352 Ex
690 2293 782 2374 parte
794 2309 870 2356 vero
885 2289 1052 2356 Scotorum
1070 2288 1236 2355 lohannes
1257 2287 1298 2353 de
1319 2285 1423 2371 Haly-

290 2373 418 2451 burton,
432 2373 484 2438 vir
503 2374 640 2454 validus,
662 2375 850 2441 interiectus
874 2383 933 2442 est
977 2375 1101 2442 Eodem
1123 2395 1200 2441 vero
1224 2393 1317 2452 anno,
1338 2373 1424 2440 eirca

291 2459 411 2525 festum
422 2460 577 2527 Omnium
587 2461 785 2542 Sanotomm,
793 2461 931 2528 Thomas
940 2461 1123 2540 Senoscalli,
1131 2481 1236 2528 eomes
1244 2459 1423 2546 Angrrssiae,

291 2545 327 2612 in
348 2546 478 2612 brachio
501 2548 627 2633 potenti
649 2555 684 2614 et
711 2569 810 2615 manu
834 2549 950 2629 valida,
973 2569 1032 2634 per
1055 2569 1142 2615 mare
1169 2549 1206 2614 in
1230 2547 1423 2633 quibusdam

292 2633 429 2700 navibus
443 2633 596 2700 educam
607 2634 1224 2722 donoote,vigilibus²etexcubant1bua
1236 2633 1423 2712 interiectis,

292 2739 350 2804 per
377 2720 480 2786 scales
507 2721 635 2788 villam⁸
659 2721 794 2789 Berwici
822 2723 917 2808 cepit,
944 2722 1058 2788 multis
1086 2721 1215 2788 diviciis
1242 2721 1279 2785 in
1311 2719 1423 2786 eadem

292 2805 435 2871 inventis
449 2815 483 2872 et
495 2807 698 2894 recuperatis.
741 2809 873 2894 Angliol
886 2830 962 2876 vcro
975 2809 1011 2874 in
1025 2809 1137 2875 eadem
1157 2808 1343 2886 existentes,
1357 2827 1423 2872 una

293 2910 368 2957 cum
382 2892 512 2958 villanis
526 2901 560 2959 et
572 2895 809 2975 mercatoribus,
824 2902 915 2962 extra
935 2917 1044 2961 muros
1063 2895 1213 2961 salientes
1234 2897 1425 2973 evaserunt;

293 2977 425 3062 quidam
445 2999 520 3044 vero
541 3001 660 3060 eorum,
682 3001 740 3068 per
759 2982 899 3066 Dmtplua
922 2983 1007 3048 Potor
1025 2981 1067 3048 ad
1089 2989 1230 3048 castrum
1253 2987 1425 3057 carucatas,

293 3063 410 3130 salvati
439 3073 524 3134 sunt
568 3067 671 3152 Capta
698 3073 748 3133 est
770 3069 858 3133 enim
882 3067 962 3134 villa
981 3089 1080 3155 prope
1105 3070 1133 3134 le
1159 3068 1278 3135 eoam.
1322 3066 1425 3151 Cujus

293 3171 506 3236 praemcensor
518 3153 555 3217 in
569 3153 665 3222 scalis
675 3153 739 3220 luit
748 3154 932 3221 Willelmus
947 3156 987 3222 de
1001 3154 1137 3234 Touris,⁹
1146 3175 1221 3220 oum
1232 3152 1424 3240 quibusdam

293 3237 367 3303 eliis
396 3239 503 3325 probis
531 3241 627 3306 viris:
662 3241 720 3326 qui
748 3261 824 3306 oum
852 3240 1043 3308 difficultate
1070 3242 1220 3320 maxima,
1247 3246 1281 3307 et
1308 3259 1425 3325 magns

295 3325 547 3480 ruem
598 3326 1425 3501 ,ww

294 3495 482 3583 Anglorum.
525 3501 690 3568 lohannes
712 3501 812 3568 vero¹¹
834 3502 1012 3588 Conplaud,
1032 3502 1175 3568 collectis
1195 3501 1320 3567 viribus
1341 3519 1425 3564 mar-

295 3583 448 3664 chiarum,
461 3593 581 3672 putans
595 3596 735 3654 castrum
749 3589 874 3655 munire
889 3597 923 3655 et
1007 3588 1083 3655 inde
1097 3587 1210 3654 villam
1230 3606 1425 3674 recuperare,

295 3671 397 3737 nichil
411 3671 563 3740 adversus
577 3696 631 3742 eos
642 3677 814 3742 convaluit
859 3675 923 3743 Sed
960 3675 1033 3754 coti,
1048 3695 1122 3740 oum
1144 3674 1279 3741 Gallicis
1292 3672 1426 3759 quibus·

295 3757 370 3824 dom
384 3780 498 3826 aurum
512 3762 602 3846 prius
615 3761 853 3847 portantibue,¹²
867 3770 1009 3828 casuum
1022 3761 1158 3828 viriliter
1171 3760 1427 3838 defendentibus,

296 3845 410 3911 turrim
431 3847 471 3913 de
492 3847 637 3934 Douglos
661 3856 845 3926 tonuerunt,
866 3855 900 3914 et
920 3848 1033 3914 villam
1054 3849 1186 3934 pacifice
1207 3847 1425 3933 possederunt

296 3931 455 4000 Dominus
484 3955 559 4000 vero
588 3935 721 4021 Egidius
750 3935 790 4001 de
819 3935 1019 4001 denuderis
1047 3935 1234 4020 capitaneus
1258 3931 1426 4000 Gallorum

295 4027 380 4086 erat:
401 4042 499 4105 quem
513 4023 670 4088 Robertus
681 4023 824 4099 Stawart,
837 4022 945 4088 missis
958 4021 1145 4088 custodibus
1159 4021 1196 4086 in
1213 4019 1303 4098 villa,
1316 4039 1427 4086 secum

408 4181 438 4234 Ε.
451 4181 596 4251 oddquod.
730 4181 784 4234 ἱΙΒ.
797 4181 933 4248 Dsllousy.
968 4182 996 4234 (t.
1010 4181 1040 4233 lt
1054 4180 1198 4247 Dalrousy.
1234 4181 1268 4235 D.
1281 4179 1427 4247 Dallowsy.

408 4252 523 4320 Neskyt.
559 4255 593 4306 D.
606 4253 636 4305 Ε.
650 4252 762 4320 Nesbyt
1087 4249 1138 4306 ⁴0.
1152 4251 1182 4304 ll.
1207 4255 1270 4305 omit
1281 4256 1317 4305 st.

407 4463 431 4515 D

411 4324 608 4378 D.l⁴l.oraitet.
727 4321 1229 4376 ⁶B.admiscrimam.0.miseriam.

408 4393 437 4446 u
479 4393 545 4462 gulis

432 4502 439 4516 .
527 4481 542 4517 n

344 4179 353 4215 ¹
366 4182 395 4235 G.

343 4251 355 4286 ³
365 4253 395 4305 O.

342 4319 354 4356 ⁶
365 4323 395 4375 O.

342 4392 354 4430 l
365 4393 395 4446 G.

331 4463 353 4498 ro
364 4463 394 4516 0,

471 4395 503 4408 ··
729 4391 863 4446 ⁸uvea
974 4392 1422 4459 esuummmawrom.

453 4464 482 4518 u
496 4479 526 4517 ω
544 4479 643 4534 μω,
722 4463 742 4499 1¹
755 4465 783 4518 c.
797 4464 828 4517 n
841 4463 948 4519 maus.
1064 4461 1128 4518 uo.
1143 4463 1172 4518 n.
1186 4463 1397 4532 appamenus
