3282 5124
651 507 747 558 usas
760 507 915 564 omerus,
1292 498 1351 559 133

225 689 286 734 rex
299 667 425 754 Anglie
434 661 563 734 'mistice
576 665 816 752 quodammodo,
830 672 864 732 et
876 671 982 744 tenue,
993 672 1026 733 et
1037 665 1129 752 quasi
1141 687 1207 732 non
1220 667 1354 746 seriose,¹

229 756 328 842 peciit
348 755 504 820 dneotnm
519 754 696 820 dominium
713 753 805 839 regni
823 753 932 819 Scocie
950 754 1022 832 sibi,
1042 761 1081 819 ut
1100 755 1244 833 asseruit,
1256 757 1355 840 perti-

230 1016 368 1082 breviter
381 1023 415 1081 et
436 1015 542 1080 subito
562 1035 620 1100 per
633 977 816 1100 episcopum
836 1013 1064 1080 Glascuensem
1083 1033 1270 1099 responsum
1290 1014 1355 1080 fuit

229 1102 324 1186 quod,
345 1102 385 1167 ab
406 1101 503 1166 inicio
518 1107 552 1167 et
565 1101 653 1166 omni
677 1108 819 1202 tempore
843 1101 884 1166 eb
905 1100 992 1179 olim,
1012 1120 1145 1185 regnum
1167 1101 1285 1166 Soociee
1308 1101 1357 1166 ita

228 1188 366 1254 liberum
386 1188 472 1267 suits
484 1186 572 1272 quod
592 1187 685 1265 nulii,
698 1185 763 1252 nisi
784 1185 844 1252 soli
864 1187 936 1252 Deo
950 1187 1066 1253 eteius
1087 1187 1123 1251 in
1137 1187 1229 1252 terris
1249 1192 1354 1274 potes·

228 1281 330 1341 tatem
354 1274 495 1352 habenti,
515 1274 552 1340 in
576 1273 722 1358 homagio
737 1273 791 1339 vel
814 1293 1014 1358 quocumque
1038 1273 1206 1339 tenebatur
1225 1275 1354 1340 tributo

230 1362 295 1440 Qui
317 1361 484 1447 episcopua
498 1361 540 1426 ad
553 1359 618 1426 hue
632 1359 872 1446 superaddendo
892 1360 1049 1446 adjunxit,
1062 1359 1190 1426 dicens:
1212 1361 1267 1426 “O
1281 1364 1356 1426 rext

228 1468 287 1536 ego
312 1448 370 1533 qui
393 1447 508 1533 loquor
531 1447 572 1513 de
600 1447 691 1513 libris
715 1453 749 1514 et
773 1447 907 1512 cronicis
1009 1446 1113 1511 lorum
1141 1446 1298 1532 extirpsi,⁶
1322 1453 1357 1512 et

228 1535 392 1620 signanter
412 1534 453 1601 de
478 1534 569 1599 libris
591 1534 704 1612 Gildo,
725 1532 811 1618 quod
836 1553 969 1618 regnum
1034 1541 1159 1599 otorum
1184 1533 1247 1598 fuit
1270 1533 1356 1599 inter

229 1628 343 1687 eaetera
356 1642 454 1707 regna
467 1627 621 1686 terrarum
635 1620 750 1698 nobile,
764 1620 854 1698 forte,
867 1627 999 1705 potens3
1023 1621 1114 1705 cujus
1127 1621 1218 1706 regni
1230 1620 1355 1685 nobiles

229 1715 263 1773 et
283 1707 405 1786 ineoloe,
425 1709 575 1774 naciones
597 1727 669 1792 quae
690 1706 858 1791 sequnturfl
877 1708 912 1772 vi
934 1714 967 1772 et
986 1707 1107 1773 virtute
1128 1713 1357 1793 expugnantes,

229 1815 267 1860 ac
284 1794 404 1861 eisdem
417 1799 450 1859 et
464 1815 574 1860 eorum
587 1793 725 1859 maliciis
739 1798 773 1858 et
786 1792 960 1858 insultibus
978 1793 1182 1878 nequissimis
1197 1803 1230 1859 et
1245 1793 1356 1859 crude·

228 1879 361 1946 lisdmis
379 1881 571 1960 resistentes,
586 1879 626 1946 de
640 1879 726 1946 dioto
747 1900 844 1966 regno
864 1879 1004 1946 finaliter
1015 1881 1118 1946 uictos
1136 1887 1170 1946 et
1191 1887 1356 1968 superatos

229 1968 441 2053 expulerunt3
461 1968 548 2033 unde
561 1987 688 2033 versus:

334 2079 414 2144 Post
427 2079 583 2157 Britones,
595 2078 738 2156 Noricos,
752 2078 868 2157 Pictos,
881 2074 1069 2164 Datosque,⁷
1083 2079 1253 2160 Romanos,

377 2165 538 2231 Nobiliter
552 2165 639 2231 Scoti
648 2167 704 2250 jus
717 2173 847 2231 tenuere
861 2165 981 2232 suum”

230 2286 324 2368 Quod
338 2288 471 2355 audiena
491 2309 557 2367 rex,
571 2289 666 2354 finxit
679 2309 714 2356 se
727 2287 855 2374 longius
875 2286 930 2367 ire,
945 2287 1032 2356 etde
1208 2285 1354 2373 presulis

228 2396 295 2441 non
309 2377 449 2441 multum
463 2395 580 2454 curam,
594 2375 650 2441 sed
664 2375 705 2440 od
719 2375 978 2440 reformacionem
990 2375 1081 2460 regni
1120 2374 1215 2440 coeiae
1228 2393 1355 2440 omnmo

229 2483 321 2528 suem
334 2462 537 2548 diligenciam
551 2461 717 2542 adhibere;
739 2468 780 2540 et,
793 2461 834 2526 de
848 2461 917 2546 ejus
931 2461 1089 2546 peticione
1110 2461 1248 2546 amplius
1262 2461 1357 2564 quasi

228 2570 295 2614 non
308 2549 455 2628 curando,
469 2549 566 2614 aliam
579 2547 745 2630 materiem
766 2547 881 2613 callide
894 2548 1081 2626 introduxit,
1094 2549 1153 2614 vin
1168 2546 1308 2632 praelatis
1321 2554 1356 2612 et

226 2633 1068 2806 mmmmm...
1087 2633 1354 2805 irruite

211 2860 213 2866 .
228 2817 314 2876 certo
335 2809 584 2874 decimacionem
602 2808 743 2873 materies
757 2808 916 2892 subjecte,
930 2807 1004 2873 vir.⁰
1017 2827 1112 2893 super
1125 2807 1354 2872 dimussionem

227 2896 413 2980 questionis
428 2895 550 2980 dejure
564 2895 662 2980 regni,
676 2895 745 2960 sine
765 2893 914 2962 ulteriore
930 2893 1095 2973 dilaeione,
1108 2893 1237 2959 finolem
1257 2892 1354 2960 hnbe

227 2990 316 3049 rent:
342 2983 382 3048 de
406 3002 471 3067 quo
495 2982 657 3048 scrutator
681 2980 825 3047 cordium
849 2981 946 3048 scivit
969 2981 1160 3069 oppositum,
1185 2981 1262 3065 quia
1286 2987 1354 3046 toto

228 3075 347 3135 conatu
367 3069 409 3134 ad
423 3068 614 3134 divisionem
633 3068 793 3146 tendebat,
815 3075 848 3134 et
868 3089 933 3133 non
947 3068 989 3134 ad
1002 3067 1210 3146 concordiam,
1223 3074 1262 3132 ut
1282 3073 1355 3132 ecta

227 3155 363 3240 probant
383 3156 561 3240 sequencia.
605 3153 851 3234 Nichilominus,
866 3154 1066 3240 magnetibus
1087 3154 1176 3240 regni
1196 3153 1259 3219 sibi
1279 3173 1354 3219 con-

228 3242 453 3320 sentieneibus,
468 3241 553 3328 apud
575 3241 752 3308 Berwicum
773 3241 967 3306 unanimiter
987 3240 1220 3318 convenientes,
1236 3239 1356 3304 xxiiii&

228 3327 270 3393 de
297 3329 557 3413 prudencioribus
585 3333 619 3393 et
649 3327 889 3393 notabilioribua
917 3327 1123 3412 providisque
1151 3326 1228 3392 viris
1263 3327 1354 3411 regni

229 3414 348 3479 Scociae
369 3421 402 3480 et
422 3413 558 3500 Angliae,
578 3415 626 3479 xii
647 3414 706 3480 vin.
728 3413 855 3500 Angliae
877 3420 911 3480 et
932 3413 1067 3479 totidem
1089 3413 1216 3490 Scociae,
1237 3433 1354 3497 magno

228 3507 425 3567 sacramento
446 3501 686 3578 interueniente,
700 3500 741 3566 ad
755 3500 947 3566 decisionem
968 3500 1152 3585 questionis
1172 3505 1355 3564 memorate

228 3607 325 3672 super
341 3587 413 3671 jure
435 3587 533 3672 regni,
551 3585 724 3674 eligentis²⁰
737 3586 989 3667 constituerunt;
1008 3587 1073 3671 qui,
1094 3586 1134 3653 de
1154 3586 1288 3652 veritate
1308 3586 1355 3652 rei

227 3673 373 3758 gerendae
396 3673 633 3760 investigantes,
654 3673 829 3738 Robertum
849 3672 890 3738 de
914 3672 1016 3758 Broys
1039 3671 1198 3758 pociorem
1218 3673 1291 3757 jure
1311 3671 1354 3737 ed

227 3759 318 3845 regni
331 3759 580 3844 gubernaculum
593 3757 861 3826 invenenerunt.¹²
895 3759 965 3826 Rex
975 3779 1050 3826 vero
1064 3759 1215 3845 quociens
1225 3757 1354 3825 volebat

228 3845 314 3931 apud
329 3847 461 3911 assisam
472 3845 605 3912 electum
619 3845 921 3925 introitumhabuit,
935 3852 968 3912 et
981 3845 1089 3910 omnia
1103 3866 1211 3912 eorum
1225 3851 1354 3922 secreta,

228 3931 319 3998 nullo
334 3932 578 4010 contradicente,
586 3932 777 4000 sciscitando
787 3933 914 3998 sciebat.
947 3929 1353 4082 Qui’mfflenffld

227 4020 386 4086 Robertus
400 4019 441 4085 de
454 4020 555 4103 Broye
577 4020 622 4086 sic
638 4020 678 4086 ed
691 4040 760 4085 rem
776 4019 831 4103 jus
852 4018 997 4096 habebat,
1011 4026 1167 4084 secretum
1184 4037 1221 4084 oo
1263 4017 1354 4080 ''um

275 4205 328 4258 ¹B.
342 4206 371 4260 0.
384 4207 417 4260 D.
433 4207 460 4259 D
476 4207 581 4260 seriose.
685 4205 737 4260 ¹0.
751 4207 781 4260 D.
794 4208 858 4260 hue.
966 4205 1018 4259 ⁸13.
1032 4207 1227 4274 omitspoterat.

275 4275 287 4311 ⁴
298 4277 331 4328 D.
345 4277 441 4330 addai.
455 4293 477 4329 e.
686 4275 737 4330 ⁵0.
751 4279 782 4329 D.
797 4276 919 4346 extorpsi.
955 4276 986 4329 Ε.
999 4276 1125 4343 excerpsi.

274 4345 327 4399 ‘R
340 4351 495 4416 sequnntur.
532 4348 561 4401 0.
574 4348 607 4400 D.
621 4347 652 4402 Ε.
665 4353 797 4402 necatur.
972 4345 1025 4400 70.
1039 4349 1069 4400 D
1082 4347 1227 4412 Dacosqoe.

276 4415 287 4450 ⁸
299 4419 332 4472 D.
345 4417 433 4470 tercio.
973 4414 1044 4472 'vin
1058 4420 1085 4468 ia
1096 4419 1198 4482 murcia
1211 4417 1282 4469 mter.

264 4486 286 4521 ¹⁰
297 4488 327 4544 B.
341 4489 369 4543 0.
383 4489 414 4542 Ε.
427 4488 563 4556 eligentes.
960 4485 981 4522 ¹²
994 4488 1022 4542 a
1036 4490 1064 4542 0.
1079 4489 1111 4542 D.
1124 4487 1155 4542 F.
1166 4488 1334 4540 inuenerunt.
