3282 5124
304 455 364 513 216
659 467 755 514 LIBER
768 464 1034 514 Pnusclunnusrs.

301 643 338 686 eo
352 621 534 688 Alexander
547 623 691 703 ultimus,
706 623 848 707 ejusdem
861 623 1038 688 Alexandri
1052 621 1146 699 filius,
1161 627 1193 687 et
1207 619 1319 686 incolre
1333 617 1420 704 regni

301 709 419 774 Scociao
439 710 565 794 regibus
579 710 706 795 Angliae
726 710 914 775 fidelitatem
935 715 967 774 et
987 709 1170 794 homagium
1191 711 1420 792 praesteterunt,

299 795 437 860 fatemur
457 796 551 880 quod,
571 817 629 881 pro
653 798 745 861 terris
766 817 845 881 ques
867 797 951 860 infra
973 815 1106 880 regnum
1127 793 1251 879 Angliae
1273 795 1314 858 de
1335 793 1420 856 dioto

299 902 373 965 rege
387 881 512 966 Angliae
533 888 705 948 tenuerunt
724 903 813 968 reges
835 883 953 948 Soociae
973 882 1133 960 antedicti,
1154 880 1338 965 homagium
1359 878 1421 944 sibi

300 967 451 1034 fecerunt.
496 969 558 1034 Sed
572 989 755 1054 nuncquam
768 990 826 1054 pro
840 989 936 1054 regno
951 969 1068 1034 Soooiae
1082 989 1169 1052 reges
1184 967 1358 1045 Scotorum,
1368 964 1421 1030 vel

299 1053 413 1119 incolae
434 1055 576 1139 ejusdem
599 1057 688 1141 regni
708 1077 766 1141 pro
788 1055 1040 1141 quibuscumque
1060 1056 1152 1119 terris
1176 1053 1247 1119 sitis
1268 1053 1304 1117 in
1324 1071 1420 1136 regno

301 1139 428 1218 Scociae,
442 1142 611 1226 cujusque¹
625 1143 692 1227 regi
701 1143 879 1228 Anglorum
893 1143 1077 1226 homagium
1097 1142 1240 1206 fecemnt
1253 1139 1305 1205 vel
1319 1137 1421 1204 fideli-

299 1231 398 1292 tatem
411 1252 418 1308 ;
441 1236 666 1310 cmgoonsonet
683 1230 737 1313 jus
756 1249 933 1305 commune,
946 1234 984 1293 ut
998 1227 1188 1292 dictumest
1235 1227 1332 1290 Hunc
1345 1245 1420 1290 vero

298 1313 499 1379 intellectum
524 1316 601 1380 satis
626 1315 809 1415 comprobat
831 1316 952 1380 foetum
975 1335 1092 1392 recens,
1117 1313 1202 1399 quod
1227 1313 1263 1377 in
1287 1332 1421 1397 persona

299 1401 381 1486 regis
402 1401 577 1466 Alexandri
599 1402 707 1466 ultimr
727 1401 909 1485 supradicti,
931 1402 967 1465 in
988 1402 1191 1467 commnione
1212 1399 1308 1483 hujus
1330 1399 1421 1482 regis,

300 1487 476 1552 dinoscitur
496 1488 673 1572 contigisse,
686 1495 781 1572 prout
801 1489 836 1551 in
857 1488 1029 1572 praemissis
1050 1486 1202 1571 praedicta
1215 1485 1420 1570 tangentibus

298 1573 426 1657 plenius
448 1575 634 1639 continetur.
678 1574 741 1639 Sed
762 1595 830 1652 nec,
844 1575 944 1639 eciam
964 1573 1109 1639 adductis
1129 1594 1187 1658 pro
1208 1593 1280 1658 rege
1294 1571 1421 1656 Angliae

298 1660 394 1724 tactis
415 1660 575 1726 miraculis
595 1661 649 1726 vel
669 1661 919 1726 mveleoionibus
941 1661 1044 1726 saneti
1064 1659 1222 1726 Johannis
1244 1659 1284 1724 de
1305 1659 1422 1722 Bauer-

298 1743 390 1823 loeo?
418 1747 615 1812 autenticum
644 1747 790 1825 creditur,
814 1741 984 1831 quantum⁸
1011 1747 1183 1831 probentur
1210 1744 1420 1810 revelaciones

298 1831 378 1914 ipsse
403 1831 499 1898 adeo⁴
519 1834 714 1917 processisse,
739 1834 830 1918 cujus
858 1833 1005 1917 probecio
1030 1854 1096 1897 non
1119 1837 1168 1898 est
1192 1851 1420 1916 usquequaque

299 1918 403 1983 facilis
417 1919 485 1984 sive
499 1925 593 1998 certe,
606 1941 666 1986 neo
679 1920 715 1983 in
725 1919 856 2003 judiciis
871 1926 1028 1986 consueta
1072 1919 1166 1999 Nom,
1181 1923 1219 1982 ut
1231 1923 1419 2002 praetectum

299 2010 357 2082 est,
368 2005 498 2090 angelos
520 2006 669 2072 Sathanae
690 2027 773 2091 saepe
787 2008 822 2070 in
836 2006 985 2091 angelum
1005 2005 1087 2072 lucis
1102 2025 1135 2070 se
1155 2005 1365 2081 transformat,
1380 2009 1419 2067 ut

298 2091 335 2154 in
349 2091 505 2157 Samuelis
516 2095 620 2178 speeie
633 2093 831 2177 respondisse
841 2092 958 2177 legitur
968 2093 1057 2157 Sauli
1068 2089 1307 2156 Phioonisssm.⁵
1349 2089 1383 2154 N
1383 2109 1419 2154 ec

253 2235 259 2252 ,
299 2183 349 2243 est
362 2177 479 2263 eliqua,
492 2179 545 2244 vel
558 2199 701 2264 unquam
721 2179 793 2257 fuit,
813 2180 850 2243 in
872 2179 981 2244 Scooie
994 2199 1069 2243 vera
1089 2178 1129 2244 de
1150 2176 1334 2262 hujusmodi
1355 2196 1419 2240 ser-

298 2283 393 2330 mone
406 2265 459 2330 vel
483 2266 678 2332 revelacione
697 2265 747 2330 illi
771 2272 880 2332 sancto
902 2266 986 2330 facta
1007 2285 1104 2349 quam
1128 2265 1197 2348 ipse
1218 2284 1275 2329 rex
1294 2262 1418 2347 alleget.
1483 2277 1489 2288 ·

298 2350 405 2416 Litora
428 2372 501 2416 vero
527 2353 649 2417 domini
672 2373 764 2437 papea
790 2351 941 2438 Gregorii,
962 2371 1060 2436 quam
1083 2351 1153 2435 ipse
1178 2350 1302 2434 allegat,
1327 2350 1419 2433 cujus

298 2438 436 2523 copiam⁶
448 2438 602 2504 habemus
616 2459 657 2504 ex
669 2444 775 2504 vestro
796 2439 935 2524 registro,
949 2459 1006 2523 pro
1026 2438 1097 2521 ipso
1117 2457 1189 2522 rege
1210 2435 1311 2501 nichil
1325 2436 1420 2500 facit:

299 2543 372 2588 cum
395 2525 553 2609 suggestio
576 2526 658 2610 regis
679 2525 806 2609 Anglioe
828 2526 864 2588 in
888 2525 959 2608 ipsa
979 2526 1063 2590 facta
1085 2524 1238 2608 importat
1261 2523 1419 2587 condicio

298 2610 412 2687 nalem,
434 2617 467 2674 et
488 2611 650 2676 concludit
670 2611 725 2687 sic,
747 2611 782 2676 Si
803 2610 850 2674 ita
869 2611 920 2686 sit,
943 2610 1003 2676 hoo
1028 2615 1086 2688 est,
1108 2611 1136 2676 si
1154 2629 1262 2694 preces
1283 2609 1419 2674 veritate

298 2695 451 2773 nitantur,
466 2717 488 2761 s.
511 2697 541 2760 si
561 2698 608 2761 ite
629 2697 672 2762 sit
688 2697 773 2780 quod
793 2696 889 2761 homo
908 2695 1010 2781 legius
1031 2717 1108 2762 suus
1130 2695 1181 2774 sit,
1202 2695 1288 2781 quod
1308 2695 1419 2759 homa-

298 2780 388 2864 gium
416 2786 449 2846 et
476 2782 664 2847 fidelitatem
693 2783 755 2847 sibi
782 2782 887 2860 faciat,
916 2803 939 2848 s.
969 2783 1036 2868 regi
1063 2783 1198 2867 Angliae.
1246 2781 1310 2848 Sed
1334 2786 1419 2846 certa

298 2887 482 2950 nunoquom
502 2866 598 2932 homo
618 2868 720 2952 legius
742 2869 810 2952 ejus
831 2869 895 2933 fuit
915 2890 972 2953 pro
993 2889 1089 2954 regno
1104 2870 1230 2947 Scooiae,
1244 2889 1303 2934 nec
1317 2868 1420 2934 fideli-

297 2957 399 3018 tatem
420 2958 477 3017 aut
497 2953 681 3038 homagium
700 2975 758 3038 pro
779 2975 875 3039 regno
895 2955 1011 3020 Scooiae
1032 2956 1096 3021 sibi
1120 2956 1214 3036 fecit;
1234 2975 1293 3020 neo
1318 2955 1419 3020 eciam

297 3038 409 3103 hocin
430 3040 500 3123 ejus
522 3041 722 3125 suggestione
743 3043 932 3119 continetur,
946 3041 1033 3126 quod
1053 3063 1110 3127 pro
1132 3062 1227 3127 regno
1247 3042 1364 3106 Soooiae
1378 3041 1420 3105 ad

297 3125 376 3191 talia
398 3127 572 3192 tenebatur.
618 3127 653 3191 Si
674 3126 752 3192 dicit
772 3125 834 3191 hoc
859 3128 1053 3213 simpliciter,
1076 3133 1110 3194 et
1130 3149 1188 3194 nos
1209 3127 1419 3212 intelligimus

297 3211 358 3276 hoo
381 3213 556 3278 secundum
577 3213 662 3297 quod
682 3214 804 3298 patitur
821 3215 876 3298 jus
897 3235 1072 3293 commune,
1094 3220 1140 3293 ut,
1160 3236 1225 3279 non
1245 3234 1303 3299 pro
1324 3233 1419 3300 regno

298 3297 425 3376 Scooiae,
440 3300 496 3364 sed
509 3300 615 3366 forsan
636 3320 693 3384 pro
714 3300 906 3384 quibusdam
926 3302 1017 3366 terris
1039 3321 1118 3385 ques
1140 3302 1264 3386 abipso
1289 3302 1420 3365 tenebat

298 3383 334 3446 in
347 3405 444 3469 regno
457 3385 592 3470 Angliae‚
607 3387 647 3451 ad
668 3386 820 3471 praedicta
840 3387 943 3452 fuerat
965 3386 1134 3452 astrictus.⁷
1178 3386 1271 3466 Quod
1286 3387 1365 3452 dicit
1379 3387 1420 3451 ds

297 3489 381 3535 novo
403 3477 546 3556 tempore
567 3473 669 3538 nichil
694 3473 779 3538 lacit.
833 3474 1004 3539 Notorium
1028 3479 1078 3539 est
1102 3473 1188 3539 enim
1213 3474 1274 3538 toti
1298 3473 1419 3538 mundo

298 3556 384 3640 quod
400 3558 435 3622 vi
456 3565 489 3624 et
510 3565 607 3637 metu,
621 3579 658 3624 ac
679 3579 838 3625 armorum
858 3561 1005 3644 potencia
1025 3580 1134 3626 secum
1155 3560 1196 3625 do
1216 3565 1285 3624 tota
1298 3559 1420 3644 Anglia

298 3643 443 3722 adducta
464 3645 566 3709 eciam
586 3645 702 3711 Vallioe
723 3653 756 3712 et
778 3647 950 3725 Hiberniae,
972 3667 1046 3712 cum
1067 3647 1169 3712 eciam
1191 3645 1334 3712 subsidio
1355 3666 1420 3711 non

297 3729 422 3795 modico
437 3731 562 3796 comitis
578 3731 766 3811 Sabandiae,⁸
779 3734 836 3817 qui
853 3733 1061 3817 personaliter
1074 3733 1194 3798 ibidem
1208 3733 1279 3812 fuit,
1294 3752 1420 3798 necnon

298 3836 373 3968 tt
386 3819 1420 3989 Sffilhslfflsmtudmtldult

293 3989 459 4072 justiciam
482 3991 657 4076 usurpavit
702 3991 839 4069 Deinde,
867 3991 1021 4076 quicquid
1050 3991 1145 4071 dicat,
1170 4013 1190 4058 a
1216 3991 1358 4077 prelatis
1386 3995 1420 4056 et

297 4075 370 4141 eliis
383 4078 472 4162 regni
486 4077 604 4143 Seocioe
622 4077 737 4143 incolis
757 4077 946 4143 fidelitatem
967 4083 1000 4143 et
1013 4077 1206 4166 homagium,
1219 4099 1285 4143 non
1299 4080 1420 4164 absque

343 4285 354 4321 ¹
366 4287 395 4339 B.
408 4289 568 4356 cuicumque.
686 4286 739 4341 ²0.
752 4289 785 4342 D.
799 4289 828 4340 n.
842 4289 988 4346 Bevarlato.
1106 4289 1117 4324 ³
1130 4291 1157 4344 O.
1170 4291 1201 4342 E.
1216 4307 1335 4358 quocum.

294 4407 298 4420 ,
342 4355 394 4410 ⁴B.
407 4359 439 4410 E.
451 4374 467 4410 a
479 4359 541 4412 Deo.
684 4357 737 4412 ὅΒ.
750 4359 781 4414 Ε.
795 4359 980 4414 Phitonissam.
1104 4359 1157 4412 ⁰0.
1172 4363 1253 4428 copia

341 4425 392 4480 70.
405 4429 436 4481 E.
450 4431 615 4482 constrictus.
1104 4429 1157 4484 εΒ.
1171 4431 1199 4484 0.
1213 4433 1245 4484 Ε.
1258 4431 1410 4484 Subaudirr.
