3286 5112
659 424 761 474 ‘mana
774 424 892 475 sores.
1255 495 1258 503 Ι
1283 412 1343 476 271

239 717 453 804 sanaem
466 717 574 786 atae
587 716 737 787 natan
750 664 979 805 manases
992 720 1059 806 aa
1074 738 1147 805 eae
1161 717 1320 804 saraa

283 853 284 858 =
477 815 970 904 &adaquandis-tl.
987 818 1072 889 xxix.

214 1070 358 1136 Francia
372 1068 459 1155 apud
472 1067 580 1148 Parth,
593 1068 636 1134 ad
648 1068 852 1134 tractandum
866 1067 907 1134 de
920 1089 999 1153 pace
1012 1070 1097 1133 inter
1111 1087 1201 1153 reges
1214 1001 1343 1134 Anliid

214 1163 248 1222 et
273 1157 400 1234 Scociae,
414 1161 448 1222 et
469 1154 531 1221 hoc
554 1176 614 1240 per
633 1154 822 1220 mandatum
847 1155 966 1220 summi
988 1155 1149 1240 pontilicis
1175 1153 1262 1219 Bene
1287 1155 1343 1220 ‘cti

214 1263 306 1329 papae
320 1242 377 1321 xii,
391 1263 465 1308 cum
487 1241 557 1308 suis
577 1241 680 1308 literis
701 1242 888 1328 patentibus
907 1241 1037 1326 utrique
1050 1241 1126 1328 regi,
1140 1241 1199 1306 via
1214 1240 1342 1325 Angliae

214 1336 247 1396 et
262 1329 390 1407 Scociae,
404 1327 550 1396 directis:
577 1348 657 1414 qnos
671 1348 728 1394 rex
742 1327 871 1481 Ἥ
889 1349 955 1393 non
976 1328 1081 1394 solum
1100 1327 1220 1405 audire,
1232 1347 1342 1412 ymmo

214 1415 286 1482 nec⁸
299 1415 417 1495 videre,
431 1413 582 1515 dignatus
603 1420 660 1481 est.
704 1415 783 1480 Post
892 1420 1009 1494 autem,
1022 1415 1145 1480 iteratis
1167 1413 1239 1479 aliis
1260 1413 1343 1499 regis

214 1502 357 1568 mancia
381 1501 509 1567 nunctis
533 1499 679 1586 Philippi
702 1501 769 1587 regi
790 1500 918 1587 Angliae
940 1507 974 1568 et
999 1501 1117 1568 Scociae
1139 1499 1343 1579 transmissis,

214 1611 326 1674 pacem
352 1587 412 1674 [et]
434 1587 635 1654 concordiam
659 1589 745 1654 inter
768 1587 876 1674 ipsum
897 1593 931 1654 et
952 1587 1076 1654 dictum
1097 1587 1215 1653 Scocise
1235 1607 1343 1674 regem

215 1676 347 1742 omnino
356 1675 525 1740 recusavit
556 1674 678 1740 Pedem
689 1695 782 1753 anno,
790 1676 875 1740 circa
884 1675 982 1740 finem
992 1675 1141 1760 Augusti,
1149 1673 1236 1758 apud
1244 1673 1343 1740 Perth
1369 1719 1372 1728 s

214 1768 303 1828 mota
310 1771 359 1828 est
368 1761 526 1828 discordie
533 1761 619 1827 inter
626 1761 821 1827 Edwardum
829 1761 870 1828 de
880 1761 1026 1839 Balliolo,
1036 1783 1093 1846 pm
1102 1760 1232 1826 dominc
1242 1761 1343 1826 Alex-

214 1849 314 1914 andra
336 1848 377 1915 de
397 1848 564 1932 Mowbray
584 1848 761 1915 instantem
782 1853 892 1913 contra
913 1848 1092 1914 Hominum
1113 1847 1153 1913 de
1174 1849 1344 1926 Benmont,

214 1941 248 2001 et
269 1934 386 2012 David,
400 1935 550 2000 comitem
570 1933 722 2014 Atholim,
738 1942 772 2001 et
792 1935 966 2000 Ricardum
988 1934 1027 2000 de
1048 1934 1189 2012 Telebot,
1203 1935 1343 2000 nitentes

213 2021 404 2108 predictum
416 2020 638 2086 Alexandrum
659 2022 700 2087 ab
714 2021 890 2087 hereditate
910 2021 1070 2104 repellere,
1085 2026 1118 2085 et
1131 2020 1214 2084 filias
1236 2021 1343 2086 fratris

215 2108 277 2188 sui,
287 2108 392 2174 veras⁴
402 2105 533 2173 heredes
540 2109 614 2193 jure
627 2107 846 2185 successionis,
856 2107 1022 2173 anteferre.
1066 2105 1344 2192 Oujusdiscordiae

215 2214 311 2260 causa
338 2195 380 2260 ab
404 2193 545 2260 invicem
569 2194 792 2272 discessenmt,
814 2191 852 2260 a⁵
876 2193 1052 2259 Edwardus
1077 2192 1119 2258 ad
1147 2192 1343 2274 Berwicum;

215 2281 377 2346 Henricas
387 2280 428 2346 de
438 2280 612 2348 Benmcnt⁶
621 2280 709 2366 apud
717 2280 869 2380 Dondmg
879 2280 915 2344 in
923 2276 1112 2357 Buchania,⁷
1122 2277 1215 2364 cujus
1228 2277 1345 2344 castra⁸

214 2366 340 2433 sortiter
366 2367 535 2452 reperavit,
559 2371 594 2432 et
621 2367 684 2433 teti
716 2365 904 2433 Buchamae⁹
927 2365 1107 2452 imperavit,
1135 2385 1240 2430 comes
1268 2385 1343 2430 vero

214 2452 357 2520 Atholiae
365 2474 477 2520 versus
488 2451 739 2531 Inuchindorbe,
748 2451 900 2538 singulall
908 2453 978 2518 vias
990 2451 1161 2538 diligentes
1166 2475 1175 2533 ;
1188 2451 1344 2517 Ricardrm

214 2560 291 2607 vero
305 2539 346 2606 de
361 2539 519 2608 Calebotu
532 2537 594 2607 in¹²
607 2539 760 2626 Angliam
779 2539 925 2617 tendens,
938 2545 972 2606 et
992 2559 1050 2624 per
1064 2537 1262 2604 Laudcniam
1282 2537 1345 2604 iter

214 2627 535 2780 demades
549 2627 746 2779 stills
752 2624 1344 2789 tenebritatem-t
1368 2759 1373 2770 .

214 2801 343 2866 caucius
351 2801 462 2866 volens
476 2821 576 2886 agere,
591 2800 713 2865 amovit
726 2820 746 2865 a
759 2821 794 2865 se
808 2798 931 2866 dictum
944 2798 1111 2865 dominum
1123 2797 1344 2864 Alexandrum

214 2886 255 2953 de
269 2887 453 2972 Mowbrny:
475 2893 509 2953 et
522 2887 600 2973 quia
614 2907 698 2972 saepe
713 2886 839 2964 dicitm,
852 2887 1001 2970 Emessam
1013 2887 1112 2950 amics
1155 2891 1216 2962 ¹rat
1226 2886 1343 2968 tepra-

213 2994 284 3038 euca
298 2975 437 3054 elusim,
451 2971 492 3040 ad
512 2971 653 3059 greciam
673 2993 765 3039 suam
786 2971 889 3038 dictos
911 2971 1089 3038 Henricum
1125 2970 1344 3037 eBenmont¹8

215 3067 249 3124 et
262 3058 413 3126 comitem
440 3059 582 3126 Atholiae
609 3057 779 3138 retraxit,²⁴
805 3065 839 3125 et
872 3058 995 3126 dictum
1025 3058 1174 3124 comitem
1201 3057 1343 3123 Atholim

216 3145 256 3211 de
285 3148 435 3213 omnibns
462 3148 555 3212 terris
584 3145 751 3214 senescalli
780 3145 899 3212 Scociae
925 3145 1163 3230 imperpetuum
1191 3143 1342 3212 feodavit.

215 3231 333 3297 Dictus
357 3253 433 3298 vero
457 3232 643 3300 Alexander
667 3233 708 3299 de
736 3233 913 3317 Mowbray,
936 3231 1038 3317 partia
1063 3231 1203 3296 adversm
1224 3229 1342 3296 timens

215 3317 397 3402 potenciam
418 3317 515 3384 simul
529 3325 562 3384 et
581 3320 752 3401 saeviciam,
766 3317 896 3384 dominc
910 3317 1097 3384 Andreaede
1117 3317 1271 3395 Manavia,
1286 3318 1343 3402 qui

215 3403 312 3488 paulo
326 3410 411 3483 ante,
424 3403 530 3470 soluta
549 3405 780 3490 redempcione,
793 3425 814 3470 a
828 3404 1005 3470 carceribus
1025 3405 1169 3470 totaliter
1188 3404 1343 3470 liberatus

216 3494 275 3568 est,
288 3490 438 3556 omnibns
458 3490 582 3558 viribus
603 3489 747 3558 adhaesit
792 3490 865 3570 Qui,
884 3490 982 3556 simu
1002 3491 1175 3576 cenjrmcti,
1189 3511 1263 3557 cum
1284 3509 1343 3556 sua

215 3577 364 3661 potencia
388 3576 567 3643 Henricnm
590 3575 631 3643 de
652 3575 826 3643 Benmont⁶
849 3577 886 3642 in
909 3582 1013 3644 castm
1038 3577 1078 3642 de
1102 3575 1259 3662 Dundmg
1285 3597 1343 3661 per

215 3661 346 3748 aliquod
367 3669 497 3749 tempus
519 3661 718 3730 obsederunt
760 3663 878 3730 Dictus
892 3683 967 3730 rero
988 3663 1159 3743 Henricus,
1172 3663 1286 3730 videns
1307 3681 1342 3728 se

215 3749 340 3816 dictum
360 3749 477 3832 locum,
490 3771 557 3836 prae
577 3749 688 3836 inopia
700 3749 900 3830 victualium,
915 3770 981 3816 non
994 3771 1088 3836 posse
1103 3750 1161 3817 diu
1177 3749 1342 3827 srutinere,

215 3857 364 3904 concesso
378 3837 467 3904 salvo
489 3835 659 3919 conductu,
673 3857 748 3904 cunr
761 3857 861 3904 uxore
875 3841 909 3904 at
921 3837 1024 3916 bonis,
1038 3841 1141 3904 castro
1159 3835 1292 3915 reddito,
1305 3836 1342 3899 in

261 4048 513 4120 manupae.
609 4047 1058 4118 'perpacatamiamcrpialalca
1175 4045 1278 4102 ³c.us

261 4117 273 4154 ⁴
285 4121 312 4174 Ο.
329 4137 412 4174 verus.
608 4117 661 4174 ⁸0.
674 4121 705 4174 Ε.
719 4123 781 4173 mail
793 4139 813 4176 s.
1026 4117 1038 4154 ⁰
1049 4119 1079 4171 B.
1092 4119 1120 4171 0.
1134 4119 1164 4170 n
1178 4118 1316 4172 Banmcnt.

260 4188 272 4226 ¹
285 4191 313 4244 0.
327 4191 359 4244 D.
373 4191 403 4243 E
417 4191 545 4259 Dandarg
556 4191 584 4243 in
596 4191 755 4244 Bcuchsnia
1029 4186 1080 4242 ⁸0.
1094 4189 1125 4240 Ε.
1139 4192 1261 4240 cauum.

260 4257 312 4314 ⁰0.
326 4261 359 4314 D.
372 4262 403 4314 Ε.
411 4261 577 4314 Bouchauisa
886 4259 910 4296 ¹⁰
920 4261 948 4314 0.
963 4259 993 4313 n
1007 4259 1197 4323 Lechindorbc,
1210 4258 1314 4327 singuli

249 4328 271 4364 ¹¹
283 4331 312 4384 B.
326 4332 442 4384 Talebot.
480 4333 508 4385 G.
523 4332 553 4386 E
567 4332 686 4386 Talbota
890 4329 912 4365 ¹²
923 4331 952 4382 B.
966 4331 996 4383 O.
1010 4331 1042 4380 D.
1057 4330 1087 4382 Ε.
1101 4329 1142 4382 nd.

251 4399 274 4436 ¹⁸
284 4403 313 4458 G.
327 4401 358 4457 Ε.
371 4403 543 4456 Bellcmcnte.
595 4459 600 4470 ,
887 4399 908 4435 ¹³
920 4401 948 4453 O.
962 4401 992 4452 ll.
1005 4403 1067 4453 ome
1079 4399 1263 4453 et-relraxit
