3240 5130
317 470 378 530 326
524 448 528 458 ’
690 480 786 530 crans
800 478 1070 530 rcuscnnnnssm.

315 597 395 703 usti
416 636 544 703 emite
565 637 604 702 se
627 636 694 702 ris
715 658 752 704 a
774 637 875 703 esum
896 635 988 702 sice
1001 635 1159 702 wancmr
1178 635 1219 703 ue
1236 636 1378 722 nougm
1392 635 1444 701 in·

316 721 414 789 simul
421 729 529 808 partes
541 724 669 790 Wester
682 723 836 791 Marchiee
850 724 968 790 intrare
982 722 1117 789 deberet
1162 723 1233 801 Sed,
1247 743 1312 808 quo
1326 723 1444 808 spiritu

314 811 368 876 vel
376 810 510 876 consilio
518 810 635 876 ductus
645 811 794 890 nescitur,
802 812 880 896 ipse,
888 810 1030 876 collectis
1038 809 1160 876 viribus
1170 809 1445 895 usqueadnnme

316 917 389 962 rum
403 897 451 962 vii
463 897 603 962 millium
617 903 809 963 armatomm
818 897 1007 976 validorum,
1017 917 1154 983 quorum
1168 896 1354 963 assistemm
1368 916 1445 962 con·

317 985 405 1063 fisus,
420 1004 457 1050 eo
472 984 557 1069 quod
571 983 630 1050 alti
652 985 756 1051 sordis
773 985 910 1049 nimium
932 989 1008 1062 erat,
1022 984 1191 1050 videbatur
1204 983 1268 1049 sibi
1281 982 1368 1068 quod
1388 1001 1448 1067 per

316 1070 458 1154 seipsum
466 1071 536 1136 sine
544 1070 608 1136 alio
615 1071 772 1156 adjutorio
780 1070 859 1136 satis
866 1075 981 1156 potens
988 1070 1053 1135 fuit
1059 1075 1168 1156 pantes
1176 1069 1301 1156 Angliae
1308 1067 1447 1135 boriales

316 1157 527 1241 percurrendo
548 1157 691 1225 totaliter
710 1158 878 1244 subjugare
887 1182 896 1239 ;
920 1177 957 1223 ac
970 1177 1082 1224 versus
1102 1162 1248 1223 austrum
1268 1157 1447 1222 executum

317 1243 387 1328 ejus
408 1244 528 1310 ducens
541 1265 644 1330 usqua
664 1245 706 1311 ad
726 1245 858 1310 Novum
879 1245 1037 1324 Castrum,
1058 1245 1166 1309 omnia
1187 1243 1398 1328 dirumpendo
1411 1247 1448 1308 et

316 1330 544 1396 inflammando
558 1331 732 1397 trucidavit
739 1353 749 1413 ;
762 1336 796 1397 et
809 1332 896 1416 apud
909 1330 1029 1397 dietam
1042 1330 1155 1396 villam
1165 1330 1206 1396 de
1219 1331 1313 1396 Novo
1324 1330 1448 1406 Castro,

316 1417 455 1484 urbanos
490 1425 710 1504 expugnantes
745 1423 779 1483 et
810 1417 968 1484 assultum
995 1417 1083 1483 villas
1115 1417 1270 1484 facientes
1305 1421 1339 1482 et
1369 1435 1445 1483 cum

318 1503 466 1589 opidanis
500 1504 693 1571 manualiter
720 1504 927 1582 decertantes,
954 1503 1151 1570 validissime
1186 1523 1220 1570 se
1255 1504 1447 1569 babuerunt.

318 1591 409 1655 Infra
422 1597 532 1656 temen
552 1591 737 1676 praedictam
750 1590 862 1657 villam
875 1595 944 1656 tota
964 1591 1086 1657 milicia
1105 1591 1352 1668 Nerthumbriae,
1366 1589 1448 1674 ipsis

318 1677 421 1742 mahil
444 1677 521 1743 inde
542 1677 726 1756 scientibus,
751 1697 826 1745 oum
850 1678 980 1744 domino
1004 1677 1145 1744 Henrioo
1168 1678 1271 1762 Percy
1290 1677 1367 1754 filio,
1388 1677 1448 1761 qni

319 1764 477 1828 Homeros
501 1764 668 1849 Hetspwrc’
692 1764 877 1830 nominatus
902 1771 971 1830 est:
998 1764 1069 1850 ipse
1093 1764 1180 1830 enim
1204 1763 1449 1849 prestolabatur

318 1849 430 1914 horam
454 1849 613 1934 ydoneam
634 1871 730 1936 super·
753 1853 930 1918 exercitum
951 1853 1119 1919 Scotorum
1139 1853 1283 2002 regente.
1326 1852 1370 1916 Et
1390 1849 1449 1928 sic,

319 1937 398 2001 dum
419 1957 525 2003 comes
546 1937 586 2002 de
607 1937 758 2024 Douglas,
771 1938 908 2023 patriam
931 1959 1023 2004 suam
1042 1943 1172 2024 repeten
1195 1957 1223 2016 o,
1238 1935 1323 2023 apud
1345 1936 1450 2003 Ottr'r·

319 2023 403 2088 burn
426 2023 511 2090 infru
535 2023 722 2092 Riddisdele
747 2031 850 2090 cosma
877 2031 1017 2091 metatus
1045 2025 1168 2104 fuisset,
1192 2025 1262 2109 ipse
1285 2023 1448 2090 Henricus

320 2109 485 2195 Hatspure
508 2111 707 2197 insequendo
730 2117 825 2178 caute
849 2113 1025 2178 examitum
1049 2111 1139 2198 prius
1162 2110 1291 2177 comitis
1311 2111 1352 2177 de
1375 2111 1450 2177 Fiis

319 2196 478 2282 explorari
490 2195 585 2279 feeit3
608 2198 663 2276 et,⁸
675 2199 754 2283 quie
774 2199 872 2264 nimis
885 2199 978 2265 fortis
999 2218 1057 2283 pro
1074 2217 1112 2264 eo
1126 2203 1202 2276 erat,
1216 2218 1314 2283 super
1325 2198 1451 2264 exerm-

319 2291 391 2348 tum
413 2284 539 2350 comitis
553 2284 594 2351 de
607 2285 759 2371 Douglus
804 2285 877 2363 Qui,
891 2285 941 2350 nil
961 2285 1094 2351 melida
1114 2285 1255 2350 inimicis
1276 2285 1345 2370 ejus
1366 2305 1451 2370 pree-

320 2371 472 2454 cogitans,
492 2371 535 2435 ad
559 2371 678 2437 festum
704 2371 814 2437 Sancti
839 2372 1008 2438 cuthberti
1032 2372 1241 2438 Eboraeensis
1261 2371 1308 2438 ire
1332 2391 1450 2456 propo-

319 2457 405 2538 suit;
426 2462 460 2523 et
473 2478 584 2523 omnes
598 2457 721 2524 nobiles
731 2479 815 2538 suos,
825 2457 885 2524 viz.
897 2459 984 2524 cum⁴
998 2459 1168 2525 comitibus
1183 2458 1400 2525 Mambiarum
1415 2465 1452 2524 ct

320 2543 483 2644 biccaria,
491 2549 525 2609 et
538 2544 650 2646 multis
664 2545 737 2611 aliis
751 2565 805 2612 eos
816 2545 1065 2647 comitantibus,⁶
1075 2565 1185 2646 secum
1199 2545 1314 2646 ducere
1327 2544 1450 2624 volens,

320 2631 716 2796 tttpfftltttttt
726 2631 1452 2805 dedilffglldldwdeffltll

321 2803 429 2868 subito
441 2823 506 2869 vox
527 2803 696 2870 clementis
716 2825 791 2870 cum
811 2825 927 2890 magna
948 2804 1127 2871 celeritate:
1150 2805 1206 2871 “0
1228 2805 1322 2872 stult-i
1342 2810 1377 2870 et
1397 2805 1452 2870 in-

321 2887 497 2972 sipientes,⁶
504 2891 717 2975 exploratores
731 2891 785 2956 vel
798 2893 1004 2958 assultatores
1018 2897 1108 2958 extra
1122 2893 1297 2958 examitum
1304 2897 1452 2958 vastum

321 2995 388 3040 non
408 2974 571 3055 habentes,
585 2977 705 3062 surgite
725 2997 812 3043 nunc
833 2983 867 3044 et
887 2978 1077 3045 festinanter
1094 2979 1136 3043 ad
1156 2999 1245 3044 arma
1264 2985 1451 3065 preparata

321 3063 405 3127 Eece
425 3061 566 3128 inimicis
586 3063 701 3129 vestris
721 3064 871 3150 undeque
891 3064 1243 3132 circumvolutionis?
1287 3067 1352 3144 Qui
1374 3086 1454 3132 oon-

320 3148 430 3214 festim
451 3155 615 3234 surgentes
636 3156 670 3215 et
690 3149 732 3214 ad
752 3169 841 3216 arma
861 3157 1031 3232 currentes,
1051 3153 1110 3218 vix
1134 3153 1323 3238 simpliciter
1342 3153 1454 3220 media

321 3255 395 3320 pars
416 3255 451 3300 se
473 3255 594 3302 armare
614 3241 747 3321 poterat.
791 3237 930 3323 Sur-gens
950 3238 1050 3326 igitur
1062 3259 1167 3306 comes
1188 3239 1229 3306 de
1249 3239 1401 3326 Douglas,
1417 3246 1455 3307 et

322 3515 450 3575 cornm;
473 3502 505 3561 et
523 3497 565 3561 ad
579 3497 657 3563 belli
677 3461 913 3565 {minationem
926 3519 1121 3584 praecurrens
1135 3500 1217 3566 facie
1230 3500 1455 3587 discoopertu⁸

319 3582 360 3649 ds
373 3591 468 3648 nocte
487 3582 628 3651 letaliter
639 3583 826 3651 vulneratus
847 3592 897 3652 est
917 3586 954 3652 in
967 3585 1057 3664 fecie,
1071 3586 1215 3652 nescitur
1228 3607 1249 3653 a
1262 3588 1390 3673 quibus,
1404 3609 1452 3655 an

321 3669 460 3738 aScotis
480 3689 523 3735 an
536 3670 578 3735 ab
592 3671 745 3756 Angliois.
789 3672 886 3737 Unde
899 3670 940 3738 de
958 3691 1053 3738 mane
1072 3678 1217 3759 repertus
1230 3681 1281 3740 est
1294 3682 1454 3755 mortuus,

321 3757 1086 3930 tetlttd‘itlffittfflt
1101 3780 1173 3912 tlt
1200 3760 1454 3916 dtttffl

321 3930 549 4014 supradictum
594 3895 670 4016 Ipsd
691 3931 779 3996 enim
792 3951 829 3997 eo
847 3937 926 3998 tunc
946 3931 1102 4017 tempore⁹
1115 3868 1266 4001 dominns
1281 3935 1454 4002 Galwidiae

321 4023 396 4085 erat
441 4018 554 4085 Comes
567 4017 669 4082 eciam
679 4016 720 4083 de
734 4017 888 4097 Moravia,
901 4019 925 4084 J
925 4017 1066 4086 ohannes
1080 4019 1121 4086 de
1133 4021 1279 4100 Dunbar,
1292 4041 1333 4088 ex
1346 4021 1455 4090 nimia

369 4179 775 4234 ¹comiciscdcedeoderaorm
811 4180 840 4232 O.
854 4179 1072 4235 nascemini.
1107 4183 1331 4239 D.nddcornitia

319 4297 324 4319 ,
367 4249 633 4320 ’cuncteque
1043 4251 1207 4307 Uillium.

364 4319 416 4374 ⁴0.
429 4321 459 4374 Ε.
472 4324 534 4374 emat
545 4339 613 4374 cum.
651 4321 682 4376 D.
696 4320 823 4375 ababa
835 4323 862 4376 it.
1039 4321 1092 4446 ἓξ.
1105 4325 1182 4447 1)ὼῇ
1196 4325 1450 4383 eoncomitantr'bua.

1041 4433 1095 4520 ⁰0]
1107 4409 1136 4520 fi
1150 4466 1206 4520 cdd
1217 4473 1344 4536 tempora
