3240 5130
639 467 735 518 nunu
749 467 901 518 DECIMUS.
1273 456 1335 516 359

209 625 441 692 insultantibus
460 628 590 710 captum
612 630 669 705 est,
691 625 802 691 multis
817 623 1000 710 Burgrmdis
1021 623 1207 702 interiectis,
1221 624 1336 711 Anglis

209 733 285 778 vero
310 713 447 798 captivis
476 721 510 778 et
538 711 718 798 redemptis.
762 712 898 777 Diversa
920 710 991 776 loca
1013 710 1077 776 alia
1101 711 1207 790 forcia,
1229 711 1336 778 missis

207 798 329 864 ibidem
350 799 545 876 custodibus,
559 799 606 863 in¹
621 800 682 864 iter
702 797 882 864 itinerando
896 803 1065 882 ceperunt:
1087 799 1336 882 quemamodum

207 885 319 950 villam
339 887 380 952 ds
393 885 601 964 Avercncbis,
622 907 721 972 prope
742 885 836 952 fines*
850 886 935 951 inter
955 884 1188 950 Normanniam
1202 889 1236 950 ot
1250 885 1334 950 Brit-

71 992 76 1000 ·
206 973 345 1052 anniam,
359 972 402 1037 ad
421 978 558 1058 quatuor
578 972 687 1039 leucas
701 993 799 1058 propo
820 977 963 1038 montem
984 971 1094 1037 Sancti
1108 971 1278 1037 Michaelis
1299 972 1335 1036 in
1373 1039 1375 1042 ,

206 1058 319 1124 Monte
334 1061 465 1138 Tnmba,
479 1058 594 1144 Anglis
607 1059 728 1124 ibidem
742 1059 954 1126 existentibus
968 1057 1108 1124 dimissis
1122 1059 1164 1123 ad
1177 1057 1311 1144 propriu.

239 1339 400 1426 §urcium
414 1343 451 1412 br
465 1343 549 1411 bullo
563 1344 599 1412 bt
613 1341 789 1418 buccoll?
804 1361 871 1410 curu
888 1341 1167 1412 incideretis-li
1183 1344 1292 1412 xxciii

202 1465 513 1566 ‚ELPHINUS
526 1515 602 1560 raro
623 1493 773 1572 Franciae,
789 1494 903 1560 videns
923 1493 1114 1580 praet[er]ire
1135 1499 1278 1561 cestamm
1298 1502 1332 1584 ct

202 1599 329 1662 yemem
358 1582 677 1668 appropinquantem,
702 1582 870 1646 attendens
898 1581 1000 1646 eciam
1024 1583 1186 1647 fortrmam
1213 1583 1330 1649 bonam

203 1667 370 1732 Scotorum
384 1675 417 1732 et
427 1669 565 1733 confisus
580 1668 616 1732 in
630 1668 772 1733 subsidio
783 1688 902 1747 eorum,
913 1688 954 1734 ex
964 1673 1090 1734 matura
1100 1667 1330 1736 deliberacione

202 1753 378 1837 praehabitu
406 1755 496 1820 misit
521 1755 557 1820 in
581 1756 726 1820 Scociam
752 1755 942 1840 pradictum
970 1755 1121 1821 comitem
1145 1755 1328 1835 Buchaniae,

202 1840 463 1906 constabilarium
477 1841 627 1920 Franciae,
642 1842 683 1907 ad
697 1843 849 1927 majorem
864 1841 1031 1908 Scotorum
1045 1842 1221 1908 exercitum
1235 1845 1328 1909 redu-

201 1926 346 1992 cendum
392 1927 457 2005 Qui
482 1929 631 1994 comitem
652 1928 886 1994 Archibaldum
909 1929 950 1994 ds
975 1928 1127 2013 Douglas,
1152 1931 1327 1995 secundum

200 2009 298 2096 hujus
311 2014 460 2092 nominis,
475 2034 549 2080 cum
562 2037 585 2080 x
599 2015 743 2080 millibus
765 2021 958 2080 armatorum
979 2035 1085 2080 secum
1104 2015 1239 2092 reduxit,
1253 2037 1328 2081 cum

199 2097 313 2163 multis
327 2099 399 2166 ullis
418 2101 601 2179 nobilibus*
615 2101 797 2179 militibus,⁵
809 2101 990 2178 heronimus,
1003 2101 1185 2186 proceribus
1199 2107 1233 2166 et
1247 2103 1328 2181 aliis,

199 2186 322 2270 egregie
343 2187 518 2254 ordinatis:
539 2208 675 2272 quorum
689 2189 822 2272 quidam
843 2188 878 2252 in
900 2188 1053 2264 Britcnia,
1069 2187 1126 2252 ulii
1139 2185 1175 2251 in
1189 2187 1328 2273 Rupcllc

197 2271 617 2355 applicueruut,⁶adfestum
627 2274 739 2340 Carnis
748 2274 864 2352 Brarii,
872 2294 956 2338 anno
963 2273 1098 2340 Domini
1105 2275 1327 2340 u⁰cccc⁰xxiii
1342 2311 1396 2350 m,
1410 2301 1474 2350 ulau

198 2357 269 2421 Rex
279 2359 420 2424 Francius
432 2360 601 2426 defunctus
612 2362 682 2438 est,⁷
693 2368 726 2427 ct
735 2360 820 2425 filius
831 2380 909 2426 suus
924 2360 1063 2425 Karolus
1071 2359 1254 2444 Delphinus
1263 2382 1328 2426 nou

198 2443 278 2509 dum
291 2445 332 2509 ad
346 2445 410 2511 huc
424 2455 592 2512 coronatus
603 2455 679 2526 erat,
689 2447 890 2513 obstantibus
905 2447 967 2511 sibi
981 2445 1115 2511 diuersis
1130 2447 1327 2513 civitatibus⁸

198 2531 371 2596 intersum
385 2533 538 2599 stlocum
560 2555 627 2600 suae
641 2533 865 2612 coronacionis,
879 2533 938 2599 viz.
954 2533 1119 2599 civitatem
1135 2534 1325 2600 Ramensem

197 2617 268 2681 Rex
282 2638 358 2684 vero
373 2627 448 2699 crat,
461 2621 538 2686 licet
552 2642 618 2686 nou
631 2626 806 2686 comnotus.
853 2620 918 2700 Qui
931 2641 1048 2706 paucos
1060 2619 1174 2685 habuit
1183 2621 1219 2684 in
1230 2641 1325 2706 regno

196 2703 349 2784 foventes,
369 2713 499 2792 propter
520 2708 710 2773 divisionem
729 2708 814 2773 inter
834 2727 909 2772 eum
929 2713 962 2772 et
987 2707 1102 2772 ducem
1122 2707 1324 2792 Burgundiae,

197 2811 292 2856 causa
317 2792 484 2860 occisionis
507 2794 600 2861 ducis
622 2794 874 2860 Amiliancnsis:
907 2791 1147 2879 propterquod
1174 2813 1322 2880 magnum

196 2875 311 2943 habuit
339 2881 483 2964 pecunius
511 2881 686 2966 pcumiam
743 2881 970 2966 Qui[n]ymmo
997 2899 1054 2944 rex
1079 2879 1216 2945 contulit
1237 2881 1322 2947 dicto

149 3032 155 3044 ,
196 2965 307 3030 comiti
334 2967 376 3033 de
400 2967 543 3054 Douglas
569 2969 721 3034 ducatum
743 2968 979 3047 Turoneusem3
1014 2986 1051 3032 ac
1075 2965 1155 3032 alios
1177 2966 1322 3034 dominos

195 3051 372 3118 secuudum
386 3075 495 3120 eorum
509 3061 629 3120 statum
642 3055 843 3141 gratificavit,
856 3053 965 3119 taliter
973 3053 1060 3138 quod
1073 3054 1215 3119 contenti
1223 3063 1322 3134 crant,

195 3137 275 3221 qnid
303 3159 360 3223 per
384 3141 468 3206 dona
496 3143 575 3227 quid
595 3163 651 3227 per
675 3142 839 3228 promissa,
859 3160 919 3225 pro
938 3159 1011 3224 rege
1036 3145 1145 3204 contra
1169 3141 1322 3226 Anglioos

194 3222 303 3289 vivere
317 3231 350 3290 et
363 3229 444 3292 mori
458 3228 493 3292 in
507 3248 566 3294 suc
579 3229 716 3312 querela
759 3227 902 3293 Tandem
924 3226 993 3291 dux
1018 3225 1204 3306 Bedfordiae,
1225 3227 1322 3294 frater

193 3309 1321 3480 tttmtrtttutttttbtt‘t'bttffiuttttt

191 3482 360 3546 castellum
371 3483 411 3548 de
421 3485 551 3568 Euryin
562 3453 695 3551 Perchii
708 3487 905 3552 obsidionem
918 3487 1075 3579 miserrmt
1086 3510 1093 3550 :
1105 3503 1189 3552 ‘cum
1202 3421 1320 3572 quitus

192 3572 366 3634 tractatum
380 3569 443 3652 luit
454 3571 540 3654 quod
554 3570 639 3636 infra
652 3573 688 3638 xl
702 3573 779 3651 dies,
792 3574 828 3638 in
845 3573 973 3639 defectu
993 3593 1170 3652 succursus,
1190 3575 1318 3658 pradic-

192 3659 265 3720 tum
293 3662 433 3721 castrum
462 3657 507 3722 eis
536 3657 712 3725 redderent.
755 3660 920 3744 Principes
951 3679 1026 3725 vero
1052 3660 1226 3738 Scotorum,
1250 3660 1318 3726 haea

191 3741 347 3821 videntes,
368 3743 482 3810 omni¹⁰
495 3743 661 3810 alacritate
682 3750 715 3810 ct
735 3745 923 3812 fastiuuuoia
943 3755 1201 3831 preparaverunt
1221 3767 1256 3812 sc
1276 3749 1318 3814 ud

189 3828 453 3914 incongressum11
466 3831 567 3917 [cum]
583 3830 630 3896 eis
643 3830 833 3898 habendum
878 3831 971 3911 Quod
984 3833 1032 3898 ita
1045 3833 1167 3898 lectum
1180 3839 1248 3898 est:
1270 3833 1317 3900 Ut

190 3915 260 3999 ipsc
281 3936 386 3982 comes
407 3917 447 3984 dc
461 3919 605 4004 Douglus
620 3924 654 3984 st
667 3918 813 3984 lbrruniae
827 3919 894 3984 dux
914 3919 1021 3984 locum
1034 3923 1147 3984 tenone
1160 3920 1315 4003 generalis

224 4100 247 4168 ¹1
261 4100 289 4153 s.
304 4107 338 4155 a.
376 4104 404 4155 c.
418 4105 449 4158 n.
463 4108 524 4157 aar
541 4105 600 4158 rer.
636 4105 808 4158 numa.
955 4103 1131 4157 ²onum.

236 4169 288 4227 ³0.
302 4173 332 4225 Ε.
346 4173 485 4228 Vernuala.
953 4174 965 4208 ⁴
977 4176 1006 4229 O.
1021 4175 1053 4226 D.
1067 4175 1096 4226 Ε.
1110 4174 1277 4230 notabilibus.

237 4239 733 4312 ³armutorum-militibusiamcmia
741 4247 812 4299 lum.
950 4243 1003 4298 ⁶0.
1016 4244 1222 4312 applicaverunt

234 4310 245 4346 ¹
258 4315 287 4366 0.
301 4314 332 4368 Ε.
345 4313 409 4367 buce
419 4315 477 4368 Rex
489 4333 551 4368 vero
563 4317 679 4370 Francia
691 4317 834 4371 (iniunctus
844 4321 901 4370 erat
912 4331 981 4368 cuno
992 4315 1170 4368 rr⁰ccco·xxii·.

235 4381 287 4437 ⁸0.
302 4385 332 4436 Ε.
346 4385 450 4439 civibus
461 4387 643 4440 intermediis
947 4382 999 4438 ⁹0.
1013 4387 1045 4437 Ε.
1059 4386 1177 4438 Francia

224 4451 246 4487 ¹⁰
257 4455 286 4506 B.
302 4471 369 4508 cum
936 4455 957 4490 ¹¹
971 4457 1000 4509 B.
1010 4457 1037 4510 C.
1050 4457 1081 4508 D.
1093 4457 1124 4509 Ε.
1137 4473 1310 4526 congressum.
