3286 5112
668 497 763 547 LIBER
777 497 895 547 NONUS.
1287 489 1349 549 265

217 660 429 722 excesserunt.
475 653 537 722 Oui
557 653 593 720 in
614 653 772 740 principio
793 674 960 720 occurrens
980 653 1164 721 Alexander
1183 654 1223 722 de
1245 656 1347 724 Geton

217 763 292 808 oum
314 743 434 828 paucis,
455 743 559 808 eidem
579 741 690 808 volens
711 747 750 806 ut
770 741 923 806 validius1
943 741 1186 820 ratistensem
1207 750 1346 828 quatuor

216 829 270 895 vel
284 830 427 914 quinque
441 828 602 895 nobilibus
616 828 676 893 ibi¹
691 828 880 894 interfectus
901 834 958 894 est
1001 829 1128 894 Deinde
1142 831 1346 915 progrediens

216 936 327 982 versus
337 915 562 1000 Dunfermlyn,
570 915 762 981 monasterio
775 914 915 992 visitato,
929 915 1016 1001 apud
1026 936 1149 981 moram
1159 917 1199 982 de
1209 917 1345 1004 Duplyn

217 1003 349 1068 secessit
362 1001 389 1068 :⁸
410 1002 467 1067 ubi
480 1002 571 1088 gravi
584 1003 753 1068 commisso
767 1001 860 1079 bello,
871 1020 928 1086 per
941 1002 1140 1086 quorumdam
1155 1023 1345 1069 consensum

217 1088 375 1154 nobilium
389 1088 429 1154 de
443 1089 555 1174 patria,
563 1089 621 1174 qui
631 1089 751 1154 vadum
766 1087 805 1153 de
819 1094 912 1153 nocte
926 1088 1067 1154 inimicis
1078 1095 1345 1169 monstravenmt,

217 1175 258 1240 de
286 1175 397 1241 Scooia
424 1175 521 1240 multi
556 1175 680 1242 nobiles
715 1175 901 1242 ceciderunt
927 1174 1134 1260 interempti;
1170 1183 1203 1241 et
1237 1177 1343 1244 dictus

216 1261 392 1328 Edwardus
406 1262 509 1328 victor
530 1262 662 1328 effectus
683 1267 750 1328 est:
772 1261 829 1344 qui
850 1261 891 1327 de
911 1282 1006 1326 mane
1026 1261 1227 1346 incipientes,
1241 1284 1343 1349 usque

217 1348 258 1412 ad
286 1348 399 1415 horam
422 1349 488 1413 iu·m
516 1348 734 1434 impugnando
762 1347 1039 1414 continuaverunt
1099 1349 1200 1432 Oujus
1228 1351 1343 1417 modus

216 1434 291 1500 talis
305 1435 376 1502 fuit
421 1435 504 1500 (lum
526 1443 635 1500 autem
656 1454 763 1499 rumor
777 1435 819 1500 ad
839 1455 930 1500 aures
951 1434 1122 1500 custodum
1136 1437 1254 1501 Soociae
1273 1457 1344 1521 per·

215 1522 314 1600 venit,
328 1522 387 1587 via
403 1521 445 1586 ad
458 1522 609 1588 comitem
623 1521 663 1587 de
684 1521 766 1599 Mar,
780 1541 822 1586 ex
835 1541 901 1586 una
921 1527 1019 1606 parte,
1034 1522 1094 1587 viz.
1109 1523 1231 1601 boriali,
1245 1524 1343 1608 regni,

215 1608 304 1674 etad
324 1609 475 1674 comitem
496 1607 722 1686 Marehiarum,
743 1607 908 1673 custodem
929 1629 971 1674 ex
992 1608 1100 1686 altera,
1118 1608 1179 1675 vin
1201 1610 1343 1688 australi,

214 1701 305 1779 parte
326 1715 419 1779 aquae
432 1695 473 1760 de
493 1695 602 1774 Forth,
624 1694 766 1760 collectis
786 1694 909 1760 viribus
929 1695 1034 1760 tocius
1058 1695 1148 1780 regni
1172 1697 1344 1775 nobilibus,

215 1802 321 1847 eomes
342 1782 383 1847 de
404 1781 478 1846 Mar
497 1781 584 1866 apud
605 1780 704 1846 Parth
726 1801 800 1846 cum
821 1802 890 1845 xxx
911 1781 1055 1847 millibus
1075 1789 1277 1862 armatorum,
1298 1785 1344 1850 et⁴

215 1867 321 1934 dictus
331 1888 406 1934 vero
417 1888 523 1934 comes
537 1867 755 1933 Marchiamm
768 1867 855 1951 apud
866 1867 1101 1948 Uthirardour,⁶
1111 1890 1152 1934 ex
1162 1891 1228 1934 una
1241 1870 1345 1954 pmte⁶

214 1975 306 2039 aqna
323 1955 364 2021 de
385 1955 578 2034 Stratherne,
593 1954 699 2020 dictus
719 1953 996 2020 vero⁷Edvva1dus
1017 1955 1053 2018 in
1073 1975 1146 2020 cera
1166 1956 1344 2022 molendini

215 2041 256 2106 de
277 2040 470 2119 Fortevioth,
485 2047 726 2107 castrametatus
748 2045 816 2106 est:
839 2040 897 2125 qui
907 2046 991 2120 voto,
1006 2045 1044 2104 ut
1065 2041 1174 2119 fertur,
1193 2043 1343 2108 astrictus

215 2127 280 2192 fuit
292 2128 379 2212 quod
384 2128 513 2193 dictam
526 2127 639 2193 villam
653 2127 693 2192 de
714 2127 813 2192 Parth
827 2125 950 2192 obsidio
971 2127 1101 2192 reddere
1121 2129 1326 2213 compelleret
1334 2153 1343 2209 3

215 2219 249 2278 et
262 2219 373 2298 postea
386 2214 472 2314 apud
487 2215 624 2280 Soonam
645 2233 793 2278 coronam
814 2213 956 2296 accipere
976 2213 1143 2298 proposuit
1150 2235 1240 2295 ;—ac
1262 2215 1342 2280 cles-

215 2321 284 2366 sem
308 2300 431 2385 navigii
452 2301 504 2366 sui
526 2300 563 2365 in
587 2301 724 2365 introitu
749 2320 842 2384 aquae
867 2299 907 2364 de
929 2301 998 2384 Tay
1023 2300 1142 2366 intrare
1166 2300 1340 2366 mandavit.

214 2387 332 2452 Dictus
359 2407 435 2452 vero
463 2407 569 2453 comes
598 2385 824 2464 Marohiarum,
853 2386 911 2470 qui
939 2385 980 2451 de
1007 2386 1216 2452 validioribus
1251 2389 1341 2472 regni

214 2473 376 2538 nobilibus
393 2475 490 2558 juxta
503 2494 672 2538 numerum
686 2473 817 2538 alterius
832 2472 999 2551 exercitus,
1013 2472 1100 2557 apud
1113 2473 1213 2539 Perth
1227 2494 1341 2558 expec-

147 2561 150 2568 '
213 2561 323 2638 tantis,
331 2560 391 2625 viz.
406 2563 498 2625 ω’·
511 2565 704 2625 armatorum
718 2559 829 2639 millia,
842 2559 989 2625 videntes
1003 2559 1139 2624 dictum⁸
1147 2561 1342 2626 Edwardum

213 2653 282 2712 tam
306 2667 424 2732 paucos
444 2647 481 2712 in
505 2647 648 2712 exercitu
672 2667 731 2712 suo
755 2646 936 2724 habentem,
951 2666 985 2712 se
1006 2646 1121 2712 stolide
1142 2667 1183 2712 ex
1204 2654 1341 2732 utraque

212 2733 348 2820 partein
359 2754 469 2799 eorum
479 2733 688 2798 multitudine
697 2731 825 2818 gloriati
836 2737 921 2811 sunt,
930 2731 1084 2798 dioentes⁹
1094 2734 1180 2819 quod
1190 2733 1342 2820 Anglicos

213 2820 365 2888 caudatos
379 2841 436 2906 per
450 2840 560 2886 eorum
581 2820 698 2886 caudae
719 2818 762 2885 ad
782 2819 992 2904 suspendium
1013 2819 1184 2886 traherent
1228 2821 1273 2886 Et
1293 2821 1341 2888 sio

212 2911 430 2993 vituperantes
452 2927 562 2974 eorum
576 2906 780 2992 paucitatem,
793 2913 888 2972 noete
908 2907 1162 2991 superveniente,
1176 2927 1217 2972 ex
1239 2908 1340 2974 nimia

211 2995 372 3080 ignoranti
385 2993 584 3080 negligencia
596 2992 710 3078 vigiles
724 2993 764 3058 de
779 2999 873 3060 nocte
893 3013 959 3059 non
972 2999 1167 3078 posuerunt3
1190 2993 1249 3060 sed
1265 3015 1340 3060 cum

208 3081 408 3167 jocunditate
430 3101 465 3146 se
489 3080 567 3146 vino
591 3079 825 3160 laetificautes,¹⁰
845 3086 879 3145 et
903 3080 1096 3145 ascribentes
1121 3099 1155 3145 se
1180 3080 1221 3146 de
1246 3101 1341 3147 mane

212 3188 340 3233 omnem
348 3167 526 3252 Anglorum
535 3168 716 3251 potenciam
730 3167 801 3233 sine
814 3166 1002 3232 difficultate
1016 3167 1174 3245 devorare,
1188 3167 1342 3233 eosdemu

211 3259 341 3338 propter
353 3252 549 3337 paucitatem
562 3253 814 3338 vilipendentes:
840 3260 873 3319 et
887 3254 934 3320 sio
948 3253 1018 3318 sine
1033 3254 1208 3338 prudencia
1221 3259 1255 3320 et
1267 3275 1340 3339 pro·

211 3339 368 3417 videncia,
382 3339 418 3403 in
431 3340 521 3404 brevi
535 3359 592 3424 per
606 3361 715 3405 eorum
728 3339 925 3424 paucitatem
938 3339 1215 3405 adversariorum1²
1224 3341 1340 3406 cecidit

211 3446 321 3491 eorum
328 3425 550 3510 vilipensionis
559 3427 727 3510 superbia3
744 3432 777 3491 et
791 3427 846 3504 sio,
855 3431 1006 3511 putantes
1021 3425 1181 3511 sapientes
1192 3425 1252 3493 se¹⁸
1262 3448 1340 3505 esse,

211 3512 306 3578 stulti
320 3511 422 3578 facti¹⁴
433 3517 517 3577 sunt.
560 3513 647 3578 Nam
658 3532 677 3576 a
687 3513 885 3596 sapientibus
900 3511 1111 3597 diciturquod
1125 3513 1241 3579 melius
1255 3513 1340 3592 est,¹⁶

211 3597 378 3666 humiliter
407 3597 560 3677 timendo,
588 3596 826 3684 providenciam
855 3597 955 3664 cum¹⁶
982 3599 1153 3684 diligencia
1181 3599 1339 3678 adhibere,

211 3706 309 3771 quam
330 3692 583 3771 presumptuose
604 3689 637 3750 et
657 3685 793 3768 superbe
813 3684 850 3749 in
870 3683 1080 3751 multitudine
1097 3685 1205 3751 autin
1218 3687 1338 3752 virtute

259 3909 269 3945 ¹
281 3911 312 3963 Β.
324 3912 353 3963 0.
366 3911 398 3962 D.
414 3911 444 3962 u
457 3909 569 3963 validus.
1025 3907 1077 3962 ¹0.
1091 3911 1123 3962 D.
1137 3911 1168 3962 D
1181 3909 1287 3963 ibidem.

258 3979 270 4016 ³
284 3983 312 4034 Β.
325 3981 440 4035 recessit.
477 3981 505 4034 0.
520 3981 553 4032 D.
566 3982 596 4034 Ε.
610 3980 726 4033 occessit.
1026 3979 1077 4034 ⁴0.
1091 3981 1121 4033 D
1135 3983 1196 4032 coeit
1208 3985 1243 4033 et.

258 4049 308 4103 ⁵0.
322 4052 353 4104 Ε.
366 4051 585 4103 Uehtsrardoure.

257 4120 270 4155 ⁰
282 4122 311 4174 0.
324 4139 358 4174 ex
369 4121 451 4173 adver
462 4137 531 4174 vero.
568 4122 598 4176 Ε.
611 4121 738 4174 corrected
749 4127 775 4174 to
787 4138 820 4174 ex
833 4122 944 4174 adversa
956 4139 1028 4174 vero.

257 4191 309 4244 Ὀ.
323 4193 354 4246 Ε.
366 4193 465 4259 itaqua.
1027 4189 1079 4245 ⁸0.
1093 4191 1123 4244 Ε.
1137 4191 1282 4247 dominum.

257 4260 309 4315 ⁹0.
322 4263 352 4316 Ε.
365 4263 421 4314 cdd
432 4279 464 4314 ex
477 4279 566 4314 eorum
578 4261 743 4315 habundanti
754 4263 852 4314 stolida
863 4263 985 4316 olaciona-

246 4331 269 4366 ¹⁰
281 4333 309 4385 O.
322 4334 353 4387 R
366 4332 521 4385 mtifioaeos.
628 4332 649 4366 ¹¹
661 4335 691 4386 0.
703 4334 734 4385 D
747 4333 802 4384 eald
813 4335 858 4386 sic.
1013 4329 1036 4366 ¹¹
1046 4333 1075 4384 0.
1089 4333 1119 4384 D.
1132 4333 1308 4389 advenarum.

246 4402 268 4438 ¹⁸
280 4405 309 4458 0.
322 4405 354 4457 D.
369 4405 400 4456 D.
414 4405 474 4455 croit
485 4420 520 4455 aa.
627 4401 650 4437 ¹⁴
661 4405 689 4456 O.
703 4403 857 4456 stultetaoti.
1014 4401 1036 4438 ¹⁸
1049 4405 1077 4457 O.
1090 4405 1122 4457 Ε.
1134 4407 1195 4457 ont
1207 4409 1255 4458 ast.

632 4471 655 4508 ¹⁰
666 4475 695 4529 c.
707 4475 737 4527 Ε.
751 4491 838 4542 quam.
