3254 5122
553 541 556 548 .
616 498 713 548 LIBER
726 497 860 548 SEXTUS.
1264 491 1304 548 25

176 655 362 722 Alexandro
385 663 470 741 papa
490 653 700 722 ,numeratos
723 653 890 742 privilegio
915 653 1141 722 corroboratur.
1199 651 1306 721 Anno¹

177 743 392 808 Dominimc.
401 743 638 826 lrxvi,quidam
646 744 801 828 presbiter
809 742 979 808 cardinalis
988 743 1158 807 Wivianus
1169 743 1365 821 nominaan-
1378 747 1444 797 ¹¹⁷⁶·

176 829 275 894 titnlo
293 830 395 894 uncti
409 829 565 914 Stephani
579 831 615 893 in
630 830 729 895 Caelio
743 830 866 908 Monte,
880 828 1160 914 apostolicaesedis
1174 830 1308 913 legatus,

177 915 1308 1001 magnaaautoritatismuniminesuffrdtus‚antepraedictumconsilium

177 1003 318 1081 veniens,
335 1002 444 1067 omnia
464 1003 559 1068 obvia
580 1003 808 1078 comminuens,
829 1003 946 1068 dehinc
967 1003 1003 1066 in
1025 1003 1215 1068 Hiberniam
1235 1023 1308 1086 per·

176 1089 269 1166 rexit,
281 1087 478 1174 legacionem
492 1089 669 1155 functurus.
712 1089 833 1154 Eodem
854 1110 931 1154 vero
952 1109 1036 1155 anno
1057 1090 1142 1154 iacta
1160 1094 1211 1154 est
1231 1110 1308 1154 oon-

177 1174 284 1240 ten'oio
319 1177 404 1241 inter
432 1175 613 1241 Walterum
640 1176 789 1240 abbatem
825 1176 1030 1241 lirunensern
1062 1182 1096 1240 et
1123 1175 1307 1242 iohannem

177 1261 444 1328 Kaloouwensem
471 1262 513 1327 de
540 1262 750 1347 subjeccione,
771 1261 845 1346 quis
866 1283 976 1328 eorum
1001 1261 1175 1328 videretur*
1197 1263 1306 1346 major,

177 1355 371 1434 quornm,ut
384 1347 490 1414 adhuc
501 1350 659 1426 asseritur,
670 1349 846 1433 subjudice
857 1349 898 1414 lis
909 1349 980 1416 eat.⁸
1007 1348 1307 1414 Praemissus⁴vero⁶

175 1434 355 1512 Wivianus,
376 1434 509 1501 consilio
530 1437 566 1500 in
588 1435 745 1500 Hibernia
766 1435 933 1513 celebrato,
947 1435 983 1500 in
1004 1436 1150 1501 Scociam
1171 1435 1306 1512 rediens,-

176 1541 289 1586 omnes
303 1520 450 1606 praeietos
470 1522 560 1607 regni
581 1522 700 1588 Scocise
721 1522 807 1606 apud
822 1523 971 1588 Castrum
986 1522 1169 1588 Puellarum
1191 1542 1307 1588 conve

177 1608 273 1686 cavit,
287 1615 320 1674 et
340 1608 481 1692 plurima
500 1609 682 1674 renovando
703 1607 906 1693 antiquomm
929 1609 1063 1686 decmta,
1085 1613 1118 1674 et
1138 1609 1202 1674 alia
1223 1628 1307 1673 nova

178 1694 504 1867 turtulas
515 1695 1306 1867 tuttlttttffittttttdttt

178 1867 278 1933 ensis⁰
298 1887 319 1932 a
339 1889 423 1953 papa
447 1869 632 1934 Alexandro
653 1869 859 1934 canonizatus
881 1875 937 1934 est
981 1869 1057 1933 Hiis
1082 1869 1202 1934 etenim
1224 1875 1306 1934 terne

178 1953 309 2040 poribus
338 1954 482 2039 quidam⁷
504 1954 637 2020 clericus
666 1954 799 2020 nacione
827 1954 982 2040 Anglicus
1014 1955 1057 2019 ad
1087 1954 1306 2039 episcopatum

180 2040 415 2106 Senotiandreae
429 2045 479 2106 est
498 2041 638 2120 aarum
662 2041 716 2107 cui
735 2061 792 2105 rex
805 2039 990 2106 Willelmus
1003 2039 1187 2118 mutando,
1201 2039 1307 2124 capel·

179 2127 293 2192 lanum
307 2146 410 2204 sunm,
424 2127 639 2193 mediantibus
653 2126 864 2192 inlusionibus
878 2147 969 2210 papae
983 2147 1040 2212 per
1053 2147 1128 2191 eum
1142 2127 1307 2198 benamis·

178 2213 424 2291 sia-consecrari
445 2213 481 2277 in
502 2215 687 2300 episcopum
700 2213 904 2297 impetravit3
924 2213 1010 2278 unde
1023 2213 1127 2298 gravis
1141 2211 1309 2278 contencio

178 2305 215 2364 et
227 2299 407 2385 pannulosa
420 2298 553 2365 divisio⁸
566 2300 705 2365 emersit

289 2445 501 2554 sauma
515 2469 622 2540 aaa
635 2470 746 2540 aare
759 2469 1118 2555 curasan-a.
1134 2487 1204 2540 xxx.

179 2566 359 2670 fflw
387 2595 587 2682 praemissum
615 2595 784 2662 consilium
805 2617 863 2682 per
882 2617 989 2683 regern
1015 2596 1194 2684 anglorum
1222 2587 1308 2682 apud

179 2679 460 2766 Northamptonne
481 2689 617 2760 tentum,
641 2684 853 2768 presentibus
874 2683 1009 2750 Ricardo
1031 2683 1254 2750 cantuariensi
1275 2679 1309 2750 et

179 2768 302 2854 Bogeru
322 2769 515 2835 Eboracenai
540 2769 793 2856 archiepiscopis,
814 2791 889 2838 cum
918 2771 1083 2856 utriusque
1104 2771 1195 2856 regni
1215 2770 1308 2850 clero,

180 2855 310 2938 qnidam
326 2854 460 2920 clericus
475 2855 598 2934 Sootns,
611 2856 741 2922 nomino
761 2857 934 2936 Gilbertus,
948 2878 1022 2922 curn
1043 2877 1152 2922 eorum
1174 2863 1308 2924 conatus

180 2941 391 3025 subjeccionia
408 2942 549 3008 ecclesias
570 2943 746 3009 scoticanae
765 2943 950 3029 perciperet,
964 2949 997 3009 et
1011 2965 1120 3010 eorum
1140 2945 1238 3009 verba
1251 2963 1308 3028 op·

180 3029 352 3112 probriosa,
380 3049 453 3114 quae
482 3028 518 3094 in
546 3029 659 3095 Scotos
694 3035 896 3110 retorserant,
925 3029 1076 3109 audierat,
1104 3030 1188 3096 iuria
1214 3051 1307 3118 poeno

181 3113 356 3201 pmlapsus,
370 3113 509 3200 ignitum
522 3115 588 3182 vel⁹
602 3117 720 3182 ferrum
735 3117 924 3194 excandens,
938 3116 1005 3181 suis
1027 3117 1140 3182 invitis
1159 3116 1307 3181 omnibus

181 3201 322 3286 praelatis
350 3207 384 3266 et
411 3200 544 3280 clericis,
568 3203 624 3268 sed
653 3205 694 3268 eb
724 3203 977 3288 archiepiscopis,
998 3223 1073 3268 eum
1101 3202 1238 3268 stultum
1266 3201 1308 3266 ab

181 3287 279 3352 inicio
300 3288 498 3372 putantibus,
520 3287 888 3375 monitus1⁰quicqnid¹¹
910 3290 1048 3374 presens
1070 3286 1308 3372 volabat-qui

182 3373 269 3438 intra
297 3395 331 3439 se
353 3373 510 3453 dicebant,
530 3376 600 3440 “In
620 3377 751 3442 naribus
780 3377 868 3442 Secti
888 3376 993 3460 pipar3
1014 3375 1128 3460 plenus
1150 3381 1199 3440 est
1220 3375 1308 3440 enirn

180 3465 199 3494 “
210 3461 417 3538 sermonibus,
428 3466 462 3526 et
475 3461 622 3527 coartet¹²
636 3483 711 3528 eum
726 3463 856 3548 spiritns
869 3463 954 3528 uteri
968 3463 1037 3542 sui;
1058 3483 1099 3526 en
1113 3467 1225 3526 venter
1239 3461 1309 3545 ejus

181 3551 199 3580 “
210 3547 304 3630 quasi
317 3553 460 3612 mustum
475 3548 594 3632 absque
607 3548 775 3634 spiraculo,
790 3548 876 3633 quod
895 3547 1131 3632 langrmgules1⁸
1144 3568 1244 3614 novas
1259 3547 1309 3612 di-

179 3639 198 3667 “
209 3633 771 3718 rumpit,”-hujusmodiverbacum
780 3637 902 3718 impetu
912 3633 1064 3698 armavit:
1075 3633 1243 3712 “Verum”
1258 3633 1309 3698 in·

182 3719 271 3804 qnid,
280 3719 415 3804 “Ogens
423 3719 567 3806 Anglica,
575 3721 693 3788 nobilis
702 3721 823 3797 fuisses,
831 3739 940 3805 ymmo
951 3726 1135 3785 ceterarum
1143 3721 1310 3804 regionum

181 3813 199 3840 “
211 3805 347 3870 nobilior
360 3806 459 3872 terme
472 3807 629 3892 gentibus,
641 3807 670 3873 si
683 3827 742 3872 nec
756 3811 821 3871 tuae
836 3806 1013 3872 nobilitatis
1027 3809 1215 3891 potenciam,
1229 3811 1309 3870 tuaa-

181 3899 274 3976 “,que
287 3893 485 3959 fortitudinis
499 3893 679 3960 metuendae
696 3893 799 3971 robur,
813 3893 983 3959 tirannidis
1004 3893 1040 3958 in
1062 3894 1235 3970 audaciam,
1249 3912 1309 3957 nec
1385 3961 1390 3972 ,

180 3985 198 4014 “
210 3985 300 4043 tuam
314 3979 455 4046 liberalis
470 3981 615 4046 sciencia
631 3981 839 4066 prudenciam
852 3986 997 4046 versutas
1019 3981 1260 4065 sophisticatem
1273 3979 1309 4041 in

229 4127 476 4183 ¹0.ltcddvero.
582 4129 791 4182 ’uacuam

229 4197 282 4252 ⁸0.
294 4199 324 4251 u
336 4201 401 4252 read
412 4201 498 4252 adhuc
510 4203 541 4253 nt
552 4201 677 4253 meritur
688 4199 722 4252 lis
735 4204 777 4252 est
788 4198 910 4252 indecisa
1046 4197 1057 4232 ⁴
1070 4199 1097 4252 0.
1111 4198 1141 4251 Ε.
1155 4195 1306 4250 Praedictus.

229 4267 241 4302 ⁸
253 4269 283 4322 B.
296 4273 369 4322 omits
381 4287 451 4323 vero.
580 4269 632 4324 ⁶0.
645 4271 675 4323 Ε.
689 4271 744 4322 add
755 4270 971 4338 archiepiscopus.
1044 4267 1098 4322 'a
1111 4269 1225 4336 quidem,

230 4337 242 4372 ⁸
254 4339 281 4392 0.
292 4340 322 4392 E.
336 4341 398 4394 eraut
409 4341 512 4394 divisio.
580 4338 592 4374 ⁰
603 4342 633 4394 B.
648 4341 728 4392 velut.
890 4339 913 4376 ¹⁰
924 4341 951 4394 0.
965 4340 995 4393 lt
1009 4341 1064 4393 add
1075 4345 1103 4393 et
1114 4337 1271 4391 Hoentiatua

218 4407 241 4444 ¹¹
252 4411 283 4464 Ε.
296 4410 445 4479 quicquam.
568 4409 590 4445 ¹²
602 4411 630 4464 R
643 4414 769 4464 coarcat

571 4480 594 4516 ¹³
605 4482 635 4536 B.
648 4482 809 4551 lagunculas.
845 4481 873 4534 O.
886 4481 916 4534 E.
930 4480 1106 4550 languncuias.
