3282 5124
298 411 357 482 152
667 430 1044 480 nmrsrnnscrannusrs.

293 594 402 656 nostra
429 589 570 674 prolexa¹
599 589 784 654 tortuositas
818 589 853 652 in
888 593 1016 652 tantum
1051 586 1229 671 prevaluit,
1258 590 1291 652 et
1319 585 1419 651 animi

293 677 396 742 nostri
417 677 612 742 ferocitatem
633 677 741 741 taliter
761 675 955 753 erroaeaavit8
968 673 1054 760 quod
1076 673 1156 738 dicti
1176 673 1298 738 domini
1318 672 1419 738 nostri

294 763 400 841 fidem,
410 762 598 842 fidelitatem
612 768 645 828 et
658 762 837 827 dominium
850 761 1036 826 ineffrenate
1045 760 1235 825 dirementes
1250 780 1287 825 ac
1296 781 1337 825 ex
1350 765 1419 824 toto

295 851 425 934 penitus
434 850 602 915 refutando
611 857 803 934 spementes‚
810 849 983 934 praemissis
990 848 1234 931 dampnatorum
1243 847 1419 912 exaccioni-

295 936 356 1001 bus
371 957 409 1001 an
421 956 604 1020 guerrarum
616 935 757 1019 praediis⁸
766 935 1077 1020 depopulacionibus,
1087 933 1233 998 homines
1243 941 1367 998 nostros
1382 953 1419 997 ac

295 1028 387 1086 terrae
401 1031 517 1088 nostrae
530 1023 674 1089 subditos
688 1023 724 1086 in
735 1023 855 1100 castris,
865 1021 952 1086 villis
967 1020 1012 1086 et⁴
1022 1020 1257 1085 municionibus
1272 1025 1305 1085 et
1315 1019 1419 1104 opidis

295 1108 339 1173 ad
365 1109 495 1174 feodum
519 1111 599 1175 dicti
623 1109 746 1174 domini
770 1109 871 1173 nostri
884 1109 932 1180 ,de
950 1109 1031 1192 jure,
1051 1108 1136 1172 inira
1155 1114 1272 1172 tanam
1294 1107 1420 1182 Soociae,

296 1195 394 1261 libera
423 1198 649 1284 spectantibus,
678 1217 735 1261 scu
763 1196 824 1260 rite
860 1199 1002 1281 spectare
1030 1193 1227 1272 debentibus,
1263 1193 1305 1257 ad
1340 1192 1442 1256 dicti·

296 1282 419 1347 domini
427 1283 527 1348 nostri
536 1282 708 1360 commoda,
716 1281 1069 1360 libertates,acfeodum
1078 1279 1332 1364 dirumpendum,
1342 1287 1421 1343 atro

295 1370 376 1434 citer
396 1390 593 1453 poneremus.
638 1367 852 1452 Malignisque
873 1368 990 1432 nostris
1012 1367 1137 1432 actibus
1159 1367 1420 1450 promerentibus,

295 1461 329 1519 et
349 1455 429 1520 dicti
450 1456 573 1520 domini
593 1456 695 1520 nostri
715 1475 878 1520 rancorem
899 1461 932 1520 et
953 1454 1208 1539 indignacionem
1229 1452 1419 1538 asperimam

295 1543 525 1607 suscitantibus
547 1563 583 1616 ac
604 1547 758 1626 proterve,
772 1541 858 1606 idem
879 1540 1027 1606 dominus
1045 1535 1157 1606 'noster
1177 1560 1274 1603 manu
1295 1539 1421 1623 potenti
1552 1565 1558 1582 ·

295 1633 329 1692 et
341 1627 470 1693 brachio
481 1627 628 1692 foreium⁶
639 1633 831 1692 armatorum
840 1628 986 1712 potencia
998 1633 1116 1692 terram
1131 1625 1248 1692 Scooiae
1262 1625 1421 1690 hostiliter

296 1718 345 1778 est
359 1713 527 1798 ingressus,
541 1714 663 1779 viribus
684 1735 754 1778 earn
773 1715 947 1798 potissimis
961 1714 1157 1792 debellando,
1172 1719 1205 1779 et
1221 1733 1288 1778 suae
1302 1711 1421 1776 dicioni

297 1805 331 1865 at
359 1799 553 1884 subjeccioni
585 1801 702 1871 iterum
738 1801 871 1866 eandem
902 1801 1071 1885 ponendo,⁰
1097 1821 1191 1884 possa
1219 1806 1328 1864 nostro
1364 1819 1420 1862 seu

338 1887 444 1950 tencia
465 1885 541 1971 quo⁷
555 1887 596 1953 ad
614 1887 676 1952 hoo
696 1887 909 1952 resistendum
929 1908 995 1952 non
1009 1886 1216 1971 quovismodo
1230 1885 1421 1970 proficienti-

319 1992 366 2037 us.
397 1973 465 2038 Nos
474 1973 579 2058 igitur,
590 1973 730 2058 dampna
739 1973 950 2058 praemissaad
960 1980 1073 2038 votum
1082 1974 1236 2038 redimere
1247 1971 1420 2057 cupientes,

295 2077 382 2124 maro
411 2065 519 2124 nostro
546 2060 647 2126 libero
680 2061 811 2125 arbitrio
840 2080 877 2125 ac
905 2059 1004 2125 libera
1032 2067 1066 2125 et
1093 2059 1235 2144 plenaria
1263 2063 1419 2144 potestate

295 2145 447 2228 praedicto
469 2145 598 2212 domino
621 2145 783 2212 reddimus
801 2145 988 2224 voluntarie,
1003 2154 1036 2211 et
1056 2147 1194 2230 gratuite
1215 2147 1420 2230 resignamus,

296 2237 397 2296 totam
412 2239 527 2298 terram
542 2234 660 2300 Scooiae
672 2234 865 2318 praedictam,
879 2254 954 2298 cum
968 2235 1115 2298 omnibus
1130 2239 1163 2298 et
1172 2233 1308 2316 singuiis
1317 2232 1421 2317 genti-

295 2317 365 2397 bus,
384 2319 498 2384 incolis
519 2341 556 2385 ac
577 2321 841 2398 inhabitantibus,
862 2341 927 2384 una
949 2340 1023 2384 cum
1043 2319 1199 2405 homagiis
1221 2326 1254 2384 et
1274 2318 1420 2403 liganciis

296 2406 461 2470 universis.
506 2407 548 2470 In
566 2409 657 2491 cujus
678 2407 725 2472 rei
746 2407 965 2472 testimonium
986 2405 1043 2470 hes
1065 2405 1174 2472 literas
1195 2407 1264 2471 fieri
1284 2405 1420 2470 fecimus

293 2491 380 2574 apud
409 2493 551 2570 Munros,
579 2507 615 2557 ιθ
641 2493 693 2559 die
721 2493 812 2572 Julii,
837 2513 920 2559 auno
945 2492 1079 2556 Domini
1099 2503 1202 2558 rr⁰oc⁰
1216 2491 1365 2556 lxxxrri⁸
1388 2496 1423 2555 et

295 2578 385 2661 regni
399 2578 500 2643 nostri
515 2585 636 2661 quarto.

229 2731 233 2740 Ι
295 2756 455 2842 §spiam
469 2759 605 2844 saeida
618 2763 776 2846 compulsi
797 2764 875 2832 aaut
890 2767 1052 2848 amputatas
1073 2764 1218 2846 Smne?
1231 2763 1332 2832 sicud
1353 2783 1420 2831 urm

360 2859 615 3026 actrsptaatwatrritsta,²⁰
636 2861 814 2945 busacius
838 2863 991 2934 steriliter
1014 2865 1111 2936 faras
1132 2865 1198 2948 troi
1212 2861 1421 2949 bartian-

296 3056 452 3155 FOST
466 3081 535 3146 haec
549 3086 656 3147 antem
670 3103 726 3148 rex
741 3083 867 3170 Angliae
882 3086 958 3152 fecit
973 3088 1147 3155 conducere
1161 3089 1284 3156 dictum
1298 3091 1420 3157 Johan-

296 3187 372 3232 nem
386 3167 427 3232 de
441 3168 576 3233 Bailiolo
591 3170 677 3252 apud
698 3170 840 3249 london,
855 3193 928 3238 cum
949 3195 1007 3239 suo
1029 3175 1095 3240 filio
1110 3176 1195 3242 dioto
1210 3177 1373 3255 Eduardo,
1387 3183 1422 3242 et

295 3254 417 3318 ibidem
430 3275 488 3339 per
501 3255 609 3340 aliqua
623 3261 766 3342 tempora
787 3259 994 3326 incarceratos
1009 3261 1161 3328 detenuit
1207 3265 1324 3330 Postea
1337 3285 1420 3340 varo,

296 3340 363 3436 filio
388 3349 579 3442 remanente,
600 3347 724 3428 patrem
748 3343 944 3440 deliberavit,
969 3350 1110 3448 praestito
1131 3351 1313 3434 juramento
1334 3345 1427 3435 quod

295 3447 479 3526 nuncquam
490 3450 525 3493 m
535 3449 632 3514 ragno
643 3429 761 3496 Scociae
770 3433 824 3516 jus
833 3434 986 3518 regnandi
996 3435 1191 3517 vendicaret3
1206 3444 1247 3514 et,
1259 3437 1320 3501 sibi
1330 3439 1421 3502 resti

296 3518 378 3578 tutis
400 3515 466 3579 suis
481 3516 573 3580 terris
593 3523 721 3581 tantum
735 3517 775 3584 dc
794 3519 929 3585 Balliolo
952 3521 987 3585 in
1009 3522 1177 3600 Ειιιιοίιι,12
1197 3523 1283 3589 diem
1306 3524 1420 3588 clausit

297 3606 483 3665 exmemum.
528 3601 629 3687 Cujus
650 3605 840 3688 patrimonio
862 3607 897 3670 in
922 3608 1057 3673 Francia
1077 3610 1250 3694 permissus
1263 3618 1313 3676 est
1334 3611 1420 3675 filius

297 3687 366 3769 ejus
380 3687 564 3765 Edwardua,
578 3691 638 3754 sub
652 3690 759 3756 debito
775 3693 871 3776 priori
881 3694 1081 3777 juramento:
1095 3697 1151 3780 qui
1166 3696 1237 3761 ibi18
1251 3705 1325 3782 post
1337 3717 1421 3760 mor·

297 3777 363 3837 tem
384 3774 484 3857 patris
504 3775 665 3853 remansit,
679 3797 781 3861 usque
795 3779 835 3843 ad
856 3783 1119 3864 praeparacioncrn
1133 3803 1253 3867 guerras
1267 3805 1333 3849 suae
1348 3805 1420 3869 quse

332 3946 343 3980 ¹
355 3948 385 4000 B.
400 3949 433 4001 D.
446 3949 578 4015 proplexa.
614 3951 642 4002 G.
656 3951 687 4002 Ε.
699 3951 807 4018 prolixa
1101 3953 1156 4009 ²1).
1170 3959 1295 4010 exoravit.

332 4015 383 4070 ³0.
397 4018 427 4070 Ε.
440 4019 569 4086 praedicis
722 4019 733 4054 ⁴
745 4023 775 4073 B.
788 4024 816 4075 C.
830 4022 862 4074 D.
875 4021 904 4074 r.
918 4027 978 4076 orob
989 4029 1024 4078 et
1104 4026 1154 4080 ⁶0.
1168 4029 1197 4080 Ε
1212 4030 1353 4082 fortiorum

331 4086 384 4142 αΒ.
399 4089 577 4156 subponendis
719 4089 730 4126 7
743 4093 775 4144 D.
788 4108 841 4159 qno
853 4095 948 4146 wered
960 4096 1100 4161 htfffrom
1112 4115 1178 4165 quas.

333 4153 500 4210 usmaro
508 4161 609 4226 mame
617 4161 822 4225 ramsoruxvr·
830 4165 916 4215 aaran
924 4172 974 4218 aaa.
995 4167 1023 4218 c.
1034 4173 1066 4218 n·
1075 4174 1114 4219 cc·
1122 4170 1190 4221 xvia.
1209 4169 1242 4224 n.
1252 4184 1318 4222 nese
1326 4149 1419 4225 rme

297 4228 394 4279 cberrd
405 4236 430 4280 to
441 4229 574 4282 rroelxxri.
611 4231 641 4284 Ε,
654 4237 687 4282 u·
695 4233 763 4284 cc⁸ic
772 4233 823 4284 vi'.

333 4295 385 4350 ⁰0.
398 4299 428 4350 Ε
442 4303 502 4352 orat
513 4301 617 4354 Sensim
708 4299 730 4336 ¹⁰
742 4303 768 4355 O.
784 4303 814 4354 Ε.
829 4305 1068 4360 communitatibus

321 4365 343 4402 ¹¹
355 4371 384 4422 U.
397 4369 427 4422 Ε.
442 4373 503 4422 omit
514 4372 569 4439 regi
580 4371 691 4441 ungris.
798 4371 819 4407 ²²
831 4373 859 4426 C.
872 4373 905 4426 D.
918 4375 948 4428 E.
962 4377 1105 4431 anciarn
1177 4377 1199 4415 ¹³
1210 4381 1239 4433 0.
1255 4379 1284 4433 Ε
1297 4382 1356 4436 sibi.
