3240 5130
590 490 686 538 unna
700 491 899 540 annuemus.
1245 479 1305 538 377

180 647 237 710 ubi
258 648 436 712 maximum
457 647 575 712 seisum
599 646 719 712 ortum¹
739 653 789 712 est
810 647 1002 731 perducem
1024 647 1201 724 Sebeudiae,
1222 667 1307 712 anno

179 731 283 817 primo
311 733 462 820 Eugeuii²
489 754 589 818 pepae,
618 733 725 818 quarti
752 734 851 818 hujus
879 734 1027 800 nominis.
1071 733 1193 798 Eodem
1222 731 1307 798 enno

180 821 312 885 aresteti
333 827 411 885 sunt
435 819 650 886 Arohibcldus
671 820 712 886 de
732 821 886 906 Dougles,
908 841 1012 886 comes
1036 820 1188 904 ejusdem,
1209 839 1308 904 nepos

178 906 764 1078 tttsdttgtmtttlt‘t
774 906 1192 1078 ttflttrttdtutt
1207 907 1308 1059 tut

178 1079 305 1144 remisit
326 1079 456 1145 domino
477 1079 662 1146 Iusulerum
684 1084 718 1145 et
738 1081 849 1145 comiti
868 1080 909 1145 de
930 1080 1092 1164 Dougles3
1112 1079 1309 1145 «Iohannem⁴

179 1185 254 1230 vero
276 1165 422 1250 Kenedy,
444 1167 598 1232 custodiae
619 1167 800 1251 deputatus,
825 1167 937 1243 evasit,
959 1172 992 1230 et
1005 1167 1149 1250 seipsum
1163 1165 1308 1232 exulavit

178 1251 248 1316 siue
269 1251 405 1318 redditu
450 1253 545 1318 Netae
567 1258 644 1317 sunt
664 1251 780 1317 eciem⁶
794 1252 861 1336 regi
881 1272 939 1317 sex
953 1252 1308 1337 filiee,quaru1nprima

177 1337 242 1402 fuit
266 1347 369 1422 nupta
391 1339 556 1424 Dalpbino
581 1337 748 1403 Francioe.⁶
793 1338 869 1403 Siue
894 1338 1004 1404 liberis
1026 1344 1223 1404 mortuaest
1248 1339 1308 1404 xlv

176 1445 262 1489 anno
276 1424 435 1492 Domini.⁷
477 1426 600 1490 Eodem
615 1445 707 1500 enno,
716 1424 813 1508 paulo
824 1428 899 1490 aute
909 1425 1165 1509 parliamentum,
1175 1425 1308 1509 quidem

178 1511 362 1589 Insrdeuus,
373 1512 427 1577 cui
441 1532 558 1577 nomen
568 1511 678 1595 Dolny
691 1511 845 1589 Balloch,⁸
858 1512 945 1597 apud
956 1511 1150 1577 Inverlothi⁹
1163 1511 1307 1576 Alanum

178 1597 324 1676 Stevert,
336 1599 440 1662 filium
454 1599 580 1664 comitis
594 1598 745 1676 Atholioe,
759 1598 819 1663 et¹⁰
832 1599 889 1682 qui
903 1599 1005 1664 eciem
1019 1618 1125 1663 comes
1141 1597 1308 1664 Cetheniae

177 1685 251 1762 fuit,
276 1704 350 1748 cum
375 1684 546 1750 duodecim
569 1684 732 1750 nobilibus
758 1690 923 1750 eteorum
948 1684 1137 1770 sequacibus
1165 1685 1202 1749 in
1231 1705 1306 1750 eou-

176 1791 289 1854 guessu
317 1769 433 1836 bellico
461 1770 598 1837 occidit:
627 1771 685 1836 ubi
708 1771 881 1856 praedictus
910 1792 1014 1838 comes
1044 1771 1084 1836 de
1109 1772 1184 1836 Mer
1207 1771 1307 1836 Alex-

177 1856 277 1921 ander
305 1857 442 1923 Stewart
471 1879 506 1923 se
533 1857 725 1923 removendo
753 1858 790 1922 in
817 1863 959 1942 ternpore
988 1857 1134 1924 selvevit.
1184 1857 1306 1923 Eodem

177 1963 262 2007 anno
382 1943 449 2009 sius
471 1944 615 2009 Makduf
632 1950 666 2010 et
680 1944 845 2028 Augusius
860 1945 900 2009 de
915 1945 1062 2010 Morevie
1075 1943 1306 2029 congressum¹¹

178 2028 277 2093 simul
304 2029 347 2094 ho
369 2035 495 2108 uerunt,
518 2031 575 2116 qui
599 2030 697 2117 poulo
720 2038 797 2096 ente
822 2031 862 2095 de
887 2031 1067 2096 carceribus
1092 2033 1176 2116 regis
1198 2051 1306 2096 evase-

177 2121 262 2181 runt
306 2115 399 2182 Inter
426 2137 507 2200 quos
537 2117 578 2182 de
609 2119 713 2182 tribus
748 2116 893 2182 millibus
922 2117 1114 2182 bellatorum
1139 2117 1196 2181 vix
1225 2126 1307 2181 xxx·

177 2224 218 2267 ex
232 2206 368 2286 utreque
382 2211 472 2286 parte
486 2209 663 2269 evaserunt.
707 2203 805 2268 Anno
818 2203 952 2267 Domini
970 2212 1010 2267 ΜΟ
1019 2211 1086 2268 cec⁰
1097 2203 1176 2267 xxix
1190 2202 1306 2268 funda·
1327 2243 1379 2279 an.
1392 2231 1457 2280 1429.

177 2296 248 2352 tum
263 2295 313 2352 est
329 2291 559 2355 monasterium
573 2290 777 2356 Certusienae
797 2290 902 2355 Vallis
924 2289 1119 2354 Virtutum¹²
1140 2309 1306 2375 nuncupa-

177 2373 283 2452 tum,¹⁸
305 2375 366 2440 via.
390 2376 607 2453 Ohertirhous,
631 2377 667 2441 in
688 2375 836 2441 Australi
857 2375 971 2441 Insula
997 2376 1037 2441 ds
1063 2375 1181 2441 Parth:
1215 2376 1306 2459 cujus

177 2461 300 2545 primus
314 2461 401 2546 prior
414 2462 585 2546 ejusdem¹⁴
599 2461 663 2528 luit
677 2462 846 2528 Oswaldua
860 2462 975 2540 dietus,
990 2461 1132 2527 nobilia¹⁵
1141 2462 1307 2546 religiosus

175 2554 209 2612 et
223 2567 347 2632 megum
362 2549 552 2632 prudenciae.
596 2549 693 2614 Anno
703 2549 837 2613 Domini
850 2557 985 2614 weocc⁰
1000 2549 1106 2613 xxxiii
1120 2549 1307 2614 combustus
1323 2577 1375 2617 an.
1386 2567 1454 2616 ree.

178 2638 229 2699 est
253 2634 386 2718 quidem
411 2634 570 2701 hereticus
593 2634 680 2735 apud
702 2635 856 2702 Sanctum
877 2635 1049 2713 Andreem,
1069 2635 1189 2700 Paulus
1216 2636 1308 2701 Oruvv

176 2727 410 2799 vocatus,unus
425 2721 465 2787 de
480 2721 848 2806 Piagentrbus,¹⁰missus
857 2721 911 2786 hic
925 2721 966 2786 ed
980 2722 1204 2786 seminandum
1219 2721 1308 2787 here-

176 2807 276 2871 ticam
291 2827 383 2872 suam
396 2809 596 2892 pravitatem
642 2809 732 2872 11aeae
745 2815 841 2874 sectee
854 2809 1072 2893 purgatorium
1088 2829 1153 2872 nou
1164 2808 1307 2887 credunt,

176 2914 305 2959 omnem
327 2894 510 2980 religionem
536 2895 748 2972 detestentur,
768 2895 1043 2979 peregrinaciones
1071 2894 1307 2980 vilipendentes

174 2979 373 3046 abhorreut¹⁷
381 2981 507 3048 ordines
518 2986 552 3046 et
561 2981 703 3047 ecclesie
714 2981 819 3046 claves
830 2989 1004 3066 spemunt;
1024 2981 1125 3046 ceiam
1136 2982 1307 3048 arficulum

177 3066 251 3132 fidei
266 3067 306 3132 de
316 3068 549 3134 resurreccione
563 3073 761 3133 mortuorum
775 3088 841 3133 non
851 3068 1005 3149 credunt;
1026 3089 1100 3132 cum
1110 3067 1223 3133 multis
1235 3069 1308 3134 eliis

176 3152 437 3220 conclusionibus
459 3155 556 3222 falsis.
602 3155 665 3221 Sed
680 3153 807 3220 consilii
828 3155 984 3240 generalis
1006 3154 1097 3220 labor
1118 3155 1210 3220 stetit
1223 3155 1308 3221 circe

176 3245 313 3321 quatuor
337 3241 489 3306 articulos
514 3241 656 3308 maxime
678 3245 712 3306 et
734 3242 894 3326 praecipue
913 3241 1182 3306 reconciliandos:
1203 3242 1307 3326 primo

175 3324 236 3389 viz.
251 3323 291 3389 de
302 3327 525 3392 communione
539 3327 730 3392 sacramenti
741 3328 801 3392 sub
813 3335 948 3411 utraque
959 3328 1073 3412 specie,
1085 3329 1167 3394 etde
1177 3328 1308 3413 publiea

175 3409 349 3494 punieione
362 3412 487 3496 peccati
501 3413 645 3477 mortalis
660 3412 857 3490 notorii,et18
871 3413 1038 3478 dotatione
1052 3419 1084 3478 et
1098 3415 1306 3500 possessioni-

175 3496 237 3560 bus
254 3494 403 3573 ecclesie,
418 3502 452 3562 et
472 3497 513 3562 de
527 3497 619 3562 verbi
639 3496 729 3564 Dei¹⁰
749 3497 851 3562 libere
871 3498 1109 3583 predicacione,
1130 3522 1174 3565 un
1195 3499 1306 3566 liceret

173 3582 324 3648 omnibus
333 3581 682 3648 indifferenterverba²⁰
691 3582 754 3648 Dei
762 3583 942 3668 praedicere.
977 3586 1096 3652 Omnes
1107 3591 1216 3652 tamen
1226 3587 1305 3652 istes

222 3819 274 3874 ¹0.
286 3825 384 3872 exorta
614 3819 667 3874 ²0.
681 3821 710 3874 Ε.
724 3822 855 3889 Eugeniae.
990 3821 1041 3877 ³0.
1055 3823 1085 3874 Ε.
1099 3841 1139 3877 ex.

222 3889 232 3926 ⁴
245 3891 274 3942 B.
287 3891 316 3944 O.
329 3893 359 3944 Ε.
372 3893 390 3943 J
392 3893 515 3944 ohannes.
611 3890 623 3926 ⁵
638 3893 700 3945 raa
711 3909 818 3944 raemea
830 3893 894 3946 tere.
988 3892 1041 3947 “Ba
1055 3895 1123 3945 odda
1134 3897 1168 3944 et.

221 3959 232 3996 7
243 3962 273 4015 B.
288 3961 320 4013 D.
333 3965 394 4014 cinit
404 3963 518 4017 Domini
554 3963 582 4015 G.
598 3963 629 4014 Ε.
642 3965 705 4014 emt
716 3963 945 4017 Nota—Domini.

221 4029 274 4084 ΙΒ.
288 4032 392 4099 Dswuy
403 4033 518 4086 Ballaoln
555 4033 583 4086 O.
598 4033 629 4084 Ε.
642 4033 746 4100 Downy
756 4033 863 4086 Balach.
900 4036 931 4088 D.
946 4035 1025 4100 Dory
1036 4033 1168 4086 Balavela.

220 4100 273 4154 ⁰0.
286 4103 318 4154 Ε.
330 4103 497 4169 lunerloolry.
603 4101 626 4136 ¹⁰
637 4103 666 4156 B.
679 4107 753 4156 omiu
764 4109 800 4157 et.
976 4103 998 4138 ¹¹
1009 4105 1037 4158 0.
1051 4119 1197 4172 congressu.

208 4169 232 4206 ¹²
243 4173 275 4224 D.
288 4172 437 4226 virtuosus

208 4241 230 4276 ¹³
242 4243 274 4294 D.
287 4243 384 4296 acm
394 4251 420 4296 to
432 4247 606 4311 nuncupatus.
643 4244 672 4296 C.
686 4244 717 4297 Ε.
730 4247 791 4296 eruit
802 4245 851 4298 via.
864 4243 1045 4298 Cbertirhour.

208 4311 230 4346 ¹⁴
243 4313 272 4365 B.
286 4315 360 4365 emta
371 4313 499 4379 ejusdem.
601 4312 623 4348 ¹⁵
634 4315 662 4366 O.
677 4315 708 4368 D.
723 4315 753 4366 Ε
768 4316 899 4368 notabilia.
975 4314 996 4350 ¹⁶
1007 4316 1036 4366 O.
1048 4314 1079 4365 lt
1093 4315 1275 4382 Pregencibus.

208 4381 229 4416 ¹⁷
242 4383 271 4435 Ε.
286 4382 435 4436 obhorrent
601 4383 622 4418 ¹⁸
633 4384 662 4436 O.
675 4385 706 4436 Ε.
719 4386 821 4450 notorii,
835 4391 863 4437 et
874 4387 913 4437 de.
974 4385 997 4419 ¹⁹
1009 4386 1039 4438 B.
1051 4387 1124 4438 ornus
1136 4385 1194 4437 Dei.

599 4453 621 4488 '³
632 4457 660 4508 0.
676 4455 758 4506 verbi.
794 4457 824 4508 Ε.
839 4457 955 4508 verbum.
