3240 5130
322 433 383 492 364
695 441 1072 492 mensunusonnnnusrs.

319 602 425 667 dictus
440 601 588 666 dominus
603 600 643 666 de
657 601 787 678 Dernle,
802 600 910 665 dicens
926 620 960 664 sc
974 599 1058 664 velle
1079 600 1116 664 in
1137 599 1218 684 pede
1240 599 1451 678 descendere3

320 689 425 772 etqui
438 689 560 753 vellent
574 708 648 752 cum
669 708 707 753 eo
722 683 932 764 descendere‚¹
946 687 982 752 iu
1003 687 1133 752 nomine
1154 687 1287 751 Domini
1309 687 1452 767 iociant;

320 781 353 839 et
367 774 424 858 qui
438 795 512 851 non,
525 781 716 839 remaneant
762 774 826 852 Qui
841 773 993 838 continuo
1008 794 1082 837 cum
1096 773 1186 838 mille
1201 774 1303 838 Scotis
1317 774 1450 838 descen-

320 861 408 938 dens,
422 867 456 924 et
469 860 592 945 Anglos
606 862 641 924 in
656 880 765 925 eorum
778 860 936 924 fortalicio
950 860 1124 925 existentes
1139 861 1332 944 aggrediens,
1347 859 1450 924 nichil

319 946 1451 1116 sustulistisilittctttffttttttttttdt

321 1120 444 1185 nobiles
454 1141 528 1185 cum
542 1141 596 1185 eo:
611 1121 657 1185 et⁴
671 1141 745 1185 cum
755 1120 873 1203 quibus
883 1125 1028 1184 mortuus
1040 1126 1090 1185 est
1099 1119 1296 1185 dominusde
1305 1120 1449 1196 Orevsle,

320 1227 395 1272 cum
409 1207 520 1272 multis
534 1207 676 1272 ffisnoiae
690 1206 872 1291 proceribus
890 1207 971 1284 eliis,
985 1207 1183 1291 principibus
1197 1213 1231 1271 et
1251 1206 1390 1272 dominis
1411 1207 1448 1269 in

320 1294 413 1378 equis
427 1295 670 1378 expectantibus
692 1299 779 1358 etse
804 1315 870 1358 non
888 1294 1091 1358 moventibus
1116 1293 1225 1371 donec,
1249 1314 1306 1378 per
1326 1293 1449 1378 Anglos

320 1381 483 1446 transfixis
496 1381 621 1465 sagittis
636 1381 672 1444 in
693 1401 799 1446 eorum
823 1381 924 1464 equis,
938 1400 1048 1444 omnes
1069 1381 1105 1444 in
1125 1381 1236 1464 lugam
1257 1381 1342 1445 versi
1361 1389 1448 1444 sunt

320 1467 453 1533 Relictis
467 1467 586 1532 ibidem
608 1466 711 1532 Sectis
733 1487 807 1531 oum
827 1466 1030 1551 Francigenis
1052 1467 1227 1532 interfectis
1249 1473 1282 1531 et
1303 1467 1450 1550 captivis,

320 1555 451 1638 Anglici
480 1574 554 1618 cum
581 1553 682 1638 glorie
709 1553 851 1617 victoriae
879 1554 964 1638 apud
994 1573 1101 1618 eorum
1124 1553 1284 1621 obsidium
1312 1553 1349 1616 in
1370 1573 1448 1637 poce

319 1645 529 1719 recesserunt3
544 1645 585 1716 et,
595 1639 800 1722 quismultos
809 1640 911 1724 pisces
920 1639 1042 1724 luriopl
1051 1645 1180 1705 vocatos
1190 1640 1226 1704 in
1236 1639 1363 1704 burellis
1374 1660 1449 1704 cum

320 1727 367 1791 eis
389 1727 556 1803 ducebant,
576 1725 695 1790 idcirco
720 1725 909 1810 praedictum
930 1727 1054 1790 Bellum
1074 1727 1112 1790 dc
1132 1727 1269 1810 Hesus
1289 1747 1392 1810 usque
1413 1727 1449 1790 in

320 1811 510 1877 hodiernum
538 1812 624 1876 diem
652 1820 926 1899 nuncupaverunt.
985 1813 1071 1878 Item
1098 1812 1205 1878 dictus
1234 1813 1383 1878 dominus
1408 1813 1449 1878 de

320 1898 442 1962 Dernle
455 1919 512 1983 per
519 1897 702 1964 herreldum
716 1920 812 1964 suum
825 1899 941 1964 ductus
956 1903 1006 1964 est
1019 1901 1106 1984 apud
1121 1897 1270 1977 Orliens‚⁷
1281 1906 1314 1964 et
1327 1899 1450 1964 ibidem

319 1985 507 2050 inhumatus
521 1986 557 2050 in
571 2006 636 2049 una
651 1985 690 2051 de
705 1985 836 2071 capellis
851 1987 992 2052 ecclesie
1013 1985 1203 2053 cathedralis
1215 2010 1223 2067 3
1244 1987 1300 2051 ubi
1321 1986 1359 2050 in
1379 1987 1450 2051 vits

320 2093 379 2137 sua
393 2093 491 2136 unam
505 2072 635 2138 missam
644 2073 837 2137 cotidianam
852 2081 885 2138 et
898 2079 1085 2158 perpetuam
1098 2093 1156 2158 per
1169 2073 1344 2138 infantulos
1358 2071 1449 2138 chori

320 2158 460 2224 ecclesie
475 2159 600 2224 Sanctus
614 2159 716 2225 crucis
730 2159 920 2244 supradicte
931 2160 998 2224 elta
1011 2180 1089 2224 voce
1109 2160 1282 2225 centetum8
1291 2159 1451 2238 fundavit,

321 2245 405 2310 dotis
434 2245 594 2310 canonicis
623 2246 748 2311 duobus
777 2245 921 2311 millibus
946 2252 1109 2312 scutorum
1137 2246 1208 2312 auri
1232 2246 1274 2311 ad
1295 2246 1451 2310 fabricam

320 2332 468 2410 ecclesie,
480 2332 550 2416 qui⁹
560 2352 626 2396 non
640 2332 718 2397 dum
733 2333 773 2397 ad
787 2332 850 2397 buc
865 2333 1023 2417 complete
1037 2334 1108 2412 fuit,
1118 2333 1154 2398 in
1165 2333 1306 2422 capitulo
1319 2333 1451 2417 publice
1585 2369 1588 2372 ·

320 2417 443 2484 solutis.
487 2419 566 2483 Dux
590 2439 665 2484 vero
691 2419 893 2504 Burgundiae,
917 2420 1036 2484 auditis
1061 2419 1125 2485 hiis
1147 2421 1249 2498 novis,
1274 2419 1451 2497 consultos,

320 2505 431 2570 insciis
445 2505 623 2590 Anglorum
636 2505 835 2590 principibus
849 2506 939 2570 misit
960 2507 1095 2572 nuncios
1116 2527 1190 2572 suos
1212 2507 1252 2571 ad
1273 2507 1389 2572 villam
1410 2507 1451 2571 do

321 2590 468 2677 Burges¹⁰
481 2613 522 2658 en
543 2593 643 2676 Berry
657 2598 690 2657 et
703 2593 745 2656 ad
766 2593 878 2658 villum
900 2592 940 2658 de
960 2593 1105 2678 Angiers‚
1126 2593 1168 2658 do
1196 2593 1333 2659 Tourisu
1355 2594 1450 2658 etde

320 2677 443 2743 Iioune
457 2697 512 2743 sur
524 2677 707 2756 neubon,
717 2679 803 2762 quod
814 2699 923 2744 omnes
932 2679 1003 2744 istae
1012 2680 1099 2744 villre
1113 2701 1147 2745 se
1155 2679 1323 2746 redderent
1333 2681 1369 2744 in
1380 2681 1450 2764 ejus

320 2764 488 2830 manibus:
524 2785 566 2830 ne
594 2766 684 2844 forte,
709 2773 783 2850 post
804 2765 1018 2851 perdicionem
1044 2765 1186 2832 civitatis
1207 2767 1449 2846 Aurilianensis,

321 2870 419 2933 quom
430 2871 539 2916 omnes
554 2858 727 2917 tenuerunt
744 2852 814 2917 sine
827 2853 1070 2936 recuperacione
1090 2853 1257 2937 perditam,
1270 2853 1448 2938 Anglorum

320 2937 481 3020 principes
502 2942 603 3002 totam
625 2939 761 3022 patriam
785 2959 860 3004 cum
885 2939 1069 3004 civitatibus
1091 2945 1125 3006 et
1149 2941 1236 3005 villis
1258 2940 1450 3025 supradictis

321 3043 389 3086 susc
403 3022 523 3087 dicioni
536 3023 751 3108 subjugarent,
766 3029 799 3088 et
813 3045 870 3108 por
890 3045 1088 3110 consequens
1106 3032 1211 3091 totum
1232 3047 1385 3112 regnum
1416 3033 1450 3091 et

321 3109 370 3173 sic
383 3129 568 3193 nuncquam
581 3109 818 3194 imperpetuum
832 3111 914 3176 forte
928 3111 969 3176 de
980 3131 1089 3178 eorum
1097 3114 1246 3178 monibus
1254 3114 1449 3178 Francorum

321 3195 448 3280 regibus
469 3197 646 3280 recuperari
667 3195 872 3280 potuissent²⁸
893 3217 1035 3284 regnum,
1049 3199 1105 3264 sed
1118 3201 1154 3262 in
1175 3199 1353 3284 Anglorum
1374 3199 1451 3264 sub

317 3282 472 3366 jeccionis
487 3283 650 3361 servitute,
664 3281 806 3367 expulsis
817 3285 1016 3350 natumlibus
1027 3286 1370 3371 principibus-cujus
1380 3287 1451 3372 ipse

321 3389 418 3433 causa
438 3369 705 3453 filit—perpetuo
729 3377 913 3435 remaneret
958 3371 1052 3449 Nem,
1073 3371 1206 3456 perditis
1227 3372 1291 3437 hiis
1313 3379 1451 3459 quatuor

320 3454 375 3520 vel
389 3454 531 3538 quinquo
545 3456 740 3536 civitatibus,
754 3456 823 3522 sine
834 3477 1035 3542 quecumque
1045 3457 1248 3524 dubitacione
1256 3479 1367 3524 omnes
1378 3459 1451 3524 aliae

321 3540 470 3606 civitates
484 3541 550 3626 regi
566 3543 749 3609 obedientes
763 3544 897 3630 perditus
907 3543 1063 3610 fuissent:
1085 3545 1131 3610 sic
1145 3545 1233 3631 quod
1242 3567 1308 3612 non
1319 3545 1451 3612 baberet

321 3629 358 3694 in
372 3649 468 3714 regno
481 3628 588 3694 locum
602 3629 659 3695 ubi
673 3638 771 3716 caput
784 3651 880 3696 suum
893 3631 1068 3697 reclinaret.

369 3864 380 3900 ¹
392 3865 420 3918 0.
433 3865 464 3917 Il.
475 3867 535 3918 omit
548 3865 774 3918 et-descendore.
1099 3866 1150 3920 ²0.
1164 3868 1194 3920 R
1208 3869 1336 3922 Tsllobot.

368 3935 422 3988 ³13.
435 3936 568 4002 expulsus.
726 3933 737 3968 ⁴
750 3937 778 3988 R
793 3937 821 3989 (l.
837 3937 870 3988 Ι).
885 3937 914 3988 Ε.
928 3939 988 3988 mite
1000 3941 1035 3990 et
1100 3935 1153 3990 ⁵0.
1165 3939 1195 3990 u.
1209 3939 1315 4008 hung.

370 4005 382 4040 ⁰
394 4007 421 4058 O.
437 4007 467 4058 E.
482 4006 637 4072 predictum
649 4005 769 4074 prelium
782 4005 885 4058 Bellum
896 4008 930 4058 de
942 4007 1080 4077 Horangiu

369 4075 421 4128 ²0.
435 4077 464 4129 E
479 4076 588 4129 Orlicns
723 4073 776 4129 8Β.
790 4079 954 4130 mumadam
1095 4077 1147 4130 ⁹0.
1161 4079 1191 4132 Ε.
1206 4081 1284 4146 quod.

357 4145 379 4181 ¹⁰
391 4147 421 4199 0.
435 4147 464 4199 E
479 4147 581 4214 Brugis
619 4148 651 4200 D.
666 4147 768 4215 Burgis.
1084 4146 1106 4184 ¹¹
1118 4145 1147 4202 B.
1162 4149 1194 4202 D.
1207 4150 1298 4203 Tours.

358 4215 421 4270 ¹⁸13.
434 4217 462 4270 0.
477 4219 509 4269 D.
523 4219 553 4270 Ε.
567 4219 600 4270 le.
1085 4217 1146 4274 ¹³st
1160 4221 1191 4272 Ε.
1206 4222 1343 4288 potuisset
