3240 5130
604 488 699 536 mann
715 487 913 537 uunncnrus.
1260 476 1322 536 tec

195 645 312 730 legato¹
327 645 445 712 summi
459 643 618 731 pontificis
633 645 773 711 dandam
787 645 874 730 apud
888 643 987 711 Parth
998 644 1175 724 constituit,
1188 645 1324 712 intravit

197 732 353 798 Sathenas
368 733 404 798 in
418 733 513 798 corda
526 732 725 817 proditorum
739 731 949 816 quorundam,
963 732 1033 817 ejus
1046 737 1183 798 mortem
1196 753 1216 796 a
1228 732 1323 833 longe

196 821 359 884 retroactis
374 820 573 904 temporibus
587 840 628 885 ex
642 819 785 903 antiqua
800 825 833 884 et
847 820 1033 885 inveterata
1045 819 1183 884 maliciae
1198 819 1324 884 inridre

195 905 462 984 machinancium,
472 927 529 990 per
539 927 636 990 quam
648 905 728 972 alias
742 905 933 972 multociens
945 927 986 972 ex
999 905 1127 971 insidiis
1137 905 1323 990 quaerebant

197 1013 272 1058 eum
284 993 321 1057 in
333 993 446 1058 multis
467 993 554 1070 locis,
576 999 727 1059 conantes
748 1013 822 1057 eum
844 992 1003 1072 occidere;
1024 992 1081 1058 sed
1102 993 1177 1076 quia
1199 991 1323 1058 nullam

195 1083 386 1164 potestatem
400 1079 436 1144 in
450 1099 525 1145 eum
538 1085 687 1164 poterant
700 1079 816 1143 habere
829 1079 894 1142 nisi
904 1079 951 1144 eis
965 1085 1050 1144 esset
1066 1077 1168 1164 [data]
1179 1078 1323 1164 desuper,

197 1185 235 1231 cc
256 1165 342 1250 quod
363 1166 506 1232 nondum
528 1165 569 1230 ad
590 1167 654 1231 huc
676 1169 808 1230 venerat
828 1164 907 1230 hora
927 1166 1005 1249 ejus,
1030 1165 1169 1243 tandem,
1194 1171 1322 1251 captato

196 1257 341 1337 tempore
365 1258 531 1338 oportuno,
557 1252 690 1336 quidam
718 1251 877 1316 Rcbertus
901 1251 943 1316 de
968 1249 1127 1317 Grabame
1152 1272 1227 1317 oum
1254 1252 1323 1318 suis

197 1339 415 1425 complicibus,
443 1339 505 1404 viz.
536 1338 731 1403 Ohristoiero
761 1337 801 1402 de
831 1337 965 1403 Camere
990 1358 1065 1402 cum
1093 1337 1224 1416 Thema,
1252 1340 1322 1424 ejus

198 1427 303 1504 fratre
318 1426 412 1492 ambo
426 1425 487 1490 filii
500 1426 523 1490 J
524 1423 660 1490 ohannis
674 1423 715 1490 de
729 1424 871 1501 Camers,
884 1424 1051 1509 burgensis
1072 1423 1167 1490 diotae
1180 1423 1268 1490 villae
1282 1425 1323 1492 de

198 1513 305 1591 Perth,
319 1533 394 1578 cum
409 1513 455 1578 eis
470 1510 535 1576 duo
556 1513 669 1576 fratres
689 1510 905 1596 cognominati
921 1511 961 1576 de
975 1511 1063 1589 Hail,
1077 1516 1111 1576 et
1125 1510 1197 1576 aliis
1210 1511 1323 1577 multis

196 1599 360 1684 adjunctis
371 1598 575 1676 eis,Roberto
584 1597 637 1662 de²
647 1598 807 1663 Steuwart
816 1597 884 1663 filio
894 1597 954 1664 viz.
966 1597 1075 1663 David
1084 1598 1251 1676 Steuwart,
1261 1597 1323 1662 filii

198 1691 231 1750 et
252 1685 379 1750 heredis
401 1685 528 1750 comitis
549 1683 685 1750 Waltcri
708 1685 867 1750 Steuwart
887 1684 928 1751 de
949 1684 1090 1762 Atbolis,
1110 1685 1218 1770 patrui
1238 1684 1323 1770 regis

197 1771 221 1836 J
221 1771 312 1836 acobi
326 1771 367 1836 de
381 1791 446 1855 quo
460 1769 497 1836 fit
511 1772 726 1856 semu-qui
744 1771 853 1838 David
866 1772 903 1835 in
916 1771 1036 1858 Anglia
1049 1791 1087 1837 eo
1101 1771 1193 1838 tune⁸
1205 1775 1274 1838 erat
1287 1771 1324 1836 in

196 1856 341 1944 hostagic
355 1878 413 1942 pro
433 1878 506 1944 rege
527 1858 710 1943 supradicto
731 1865 766 1924 et
787 1860 856 1943 ejus
880 1858 1199 1936 deliberacione-in
1219 1858 1325 1943 prima

198 1944 453 2030 Quadragesimae
469 1947 657 2029 septimana,
671 1947 707 2010 in
727 1944 921 2010 monasterio
934 1946 1069 2010 flatrum
1090 1943 1268 2010 Minorum⁴
1282 1944 1323 2010 dc

197 2031 305 2108 Parth,
319 2031 355 2096 in
377 2032 480 2098 noctis
494 2031 630 2097 latibulo
651 2033 688 2097 in
701 2032 829 2117 propria
847 2051 971 2096 camera
984 2030 1178 2096 occiderumt.
1223 2031 1324 2114 Cujus

198 2117 321 2183 occasio
335 2118 400 2183 fuit
420 2118 476 2184 ille
490 2139 620 2203 serpens
641 2119 794 2202 antiquus
810 2117 869 2202 [et]
885 2117 1009 2183 dierum
1029 2117 1187 2182 mulorum
1200 2117 1324 2184 invete-

198 2209 411 2282 ratrrs,ccmes
424 2205 566 2270 Atholiar
585 2205 796 2289 supradictus,
810 2203 867 2288 qui
889 2225 909 2270 a
928 2204 1024 2288 longo
1044 2210 1188 2290 tempore
1209 2203 1325 2270 callide

198 2289 240 2356 ad
253 2311 401 2356 coronam
415 2292 593 2376 aspirabat3
606 2291 664 2376 qui
678 2291 779 2356 eciam
793 2290 993 2356 consiliarius
1007 2291 1187 2375 praecipuus
1201 2295 1270 2356 erat
1283 2290 1325 2356 ad

196 2376 395 2462 perdendum
403 2378 518 2445 ducem
525 2377 741 2444 Murdachum
750 2376 899 2442 Albania
907 2397 981 2442 cnm
989 2378 1059 2462 ejus
1067 2377 1281 2454 filiis,neonon
1292 2380 1326 2442 et

197 2464 312 2529 ducem
326 2465 441 2550 Rosay,
455 2465 497 2530 ad
510 2465 607 2530 finem
621 2465 707 2549 quod
721 2464 799 2549 ipse,
813 2484 914 2550 agnus
928 2463 1080 2530 innocens
1094 2463 1269 2548 putativus,
1283 2462 1325 2528 ad

197 2551 418 2636 apiccmregni
428 2551 564 2617 aliorum
575 2550 725 2617 crimine⁶
734 2550 896 2617 evacuatis
904 2550 1008 2616 levius
1016 2556 1141 2635 poterat
1149 2550 1324 2634 pervenire.

197 2637 273 2722 Ipse
287 2638 374 2703 enim
388 2639 499 2702 nutrix
513 2646 581 2704 erat
594 2638 699 2704 tocius
720 2637 902 2722 proditoria
916 2637 1101 2703 tradicionis
1115 2636 1218 2721 ipsius
1232 2637 1325 2721 regis,

196 2743 254 2808 per
263 2723 350 2808 quod
364 2744 449 2790 mors
463 2725 597 2790 intravit
610 2725 647 2788 in
660 2744 757 2810 regno
772 2724 899 2802 Soocire,
910 2725 1002 2808 cujus
1013 2743 1199 2808 supremum
1212 2721 1324 2808 damp-

197 2831 277 2875 num
302 2831 369 2876 non
392 2811 552 2877 delebitur
576 2811 613 2876 in
638 2817 782 2896 tempore
806 2810 1009 2876 vivencium:
1040 2829 1117 2875 nam
1142 2809 1230 2876 fama
1253 2810 1325 2893 ejus

197 2897 337 2963 nominis
351 2918 408 2982 per
422 2899 531 2965 omnia
544 2918 641 2984 regna
655 2895 898 2963 chistianitatis
912 2895 1070 2963 transivit.
1113 2895 1224 2961 Tantae
1238 2895 1325 2961 enim

196 2984 336 3062 virtutis,
350 2985 550 3051 strenuitatis
564 2993 599 3051 et
612 2984 793 3070 prudencia
807 2990 884 3062 erat,
897 2980 984 3069 quod
1006 3003 1190 3068 nunoquam
1203 2982 1240 3047 in
1253 3003 1325 3068 par·

196 3070 285 3136 tibus
309 3072 381 3138 istis
406 3073 487 3138 citra
510 3093 598 3138 mare
620 3071 782 3138 Gallicum
806 3073 892 3138 inter
912 3070 1073 3155 principes
1097 3069 1181 3154 parii
1201 3069 1265 3135 sibi
1288 3069 1326 3134 in

197 3157 325 3241 scriptis
345 3160 481 3243 reperim
501 3159 687 3246 poterimus.
730 3158 870 3236 Nomai
889 3162 978 3223 totus
999 3157 1140 3222 mundus
1161 3156 1223 3222 sub
1243 3157 1326 3242 regi-

197 3243 284 3307 mine
298 3244 409 3309 unius⁷
463 3265 565 3311 rsonae
578 3250 703 3331 poterat
717 3244 806 3310 licite
826 3243 1062 3329 comprehendi,
1075 3244 1154 3328 ipse,
1168 3243 1325 3328 exigenti-

196 3327 257 3392 bus
272 3329 339 3392 suis
360 3350 422 3413 pru
444 3332 544 3408 ancia,
557 3331 718 3415 sapiencia
732 3335 765 3394 et
778 3331 938 3394 virtutum
957 3329 1082 3394 meritis
1103 3337 1137 3396 et
1156 3329 1325 3430 probitate,

197 3413 239 3478 ad
252 3415 394 3498 regimen
407 3415 511 3480 tocius
526 3416 621 3500 digne
643 3416 763 3480 menrit
783 3416 926 3481 exaltari
970 3416 1090 3481 Omnes
1112 3435 1200 3480 emm
1220 3415 1325 3501 regni·

197 3498 276 3564 culi⁸
290 3499 387 3585 hujus
408 3503 498 3586 regni
519 3501 559 3566 de
581 3499 679 3566 calice
699 3501 923 3566 amaritudinis
942 3501 1012 3585 ejus
1033 3503 1145 3567 mortis
1165 3501 1326 3580 biberunt,

197 3607 294 3670 quam
308 3587 405 3672 hujus
419 3607 535 3652 amarae
549 3588 662 3652 mortis
677 3586 831 3651 satellites
844 3588 1018 3673 participes
1032 3589 1068 3652 in
1082 3590 1152 3673 ejus
1166 3588 1324 3654 occisione

196 3673 330 3739 eisdem⁰
339 3674 606 3758 pmpinarerunt:
627 3673 853 3758 propterquod
867 3694 978 3740 omnes
991 3675 1155 3741 inferiores
1169 3679 1325 3797 tenpuem

195 3759 297 3825 felle¹⁰
306 3761 409 3862 potati
419 3760 587 3826 intoxicati
598 3764 683 3826 sunt.
728 3760 803 3844 Ipse
812 3761 899 3826 enim
912 3782 932 3825 a
945 3760 1049 3847 legato
1060 3760 1233 3846 apostolico
1246 3759 1324 3844 ¹per

196 3852 267 3912 octo
289 3848 358 3914 drea
379 3857 454 3914 ante
475 3847 536 3914 hoc
556 3847 719 3914 confessus
741 3853 790 3912 est
805 3853 838 3913 et
851 3849 1017 3913 absolutus
1031 3869 1051 3912 a
1064 3867 1160 3932 poena
1173 3851 1207 3913 et
1221 3845 1324 3931 culpa

196 3933 265 3999 Iste
278 3955 353 4000 vero
372 3935 530 4000 Robertua
546 3934 586 4000 de
602 3934 743 4000 Graham
764 3955 838 3999 cum
852 3935 919 4000 suis
934 3933 1143 4019 complicibus
1164 3933 1324 4018 nequissi-

196 4020 258 4086 mis
279 4019 503 4105 proditoribue,
523 4041 582 4106 per
601 4019 769 4086 medium¹²
783 4023 958 4106 supradicti
978 4021 1110 4087 Roberti
1132 4019 1269 4085 Stewart
1289 4020 1325 4086 in

169 4231 172 4240 .
242 4193 439 4264 ¹0.1t.1egau.
580 4192 632 4249 ²0.
646 4197 676 4248 E.
690 4197 812 4249 omcttm
822 4197 901 4250 word.
1007 4192 1060 4246 ⁸13.
1073 4193 1276 4262 addctemporc.

242 4263 677 4320 *ammanuensium
1008 4263 1239 4348 ‘Reddeipsia'
1285 4335 1291 4348 .

241 4333 295 4387 1Β.
310 4338 337 4389 0.
352 4337 382 4387 E
397 4353 451 4405 par.
585 4336 673 4389 'Tem
684 4353 793 4389 meumes
804 4337 869 4390 bera
1010 4333 1023 4368 ⁸

241 4403 254 4439 ⁹
264 4405 451 4472 Alteredsrcm
462 4407 589 4474 ejusdem.
626 4407 655 4459 R
669 4407 797 4474 ejusdcm.

231 4474 253 4510 ¹¹
265 4477 295 4530 B.
308 4481 382 4530 mrito
393 4479 443 4531 ldis
454 4479 535 4532 rmrd.
