3282 5124
328 489 388 546 192
453 557 455 561 Ι
702 497 796 545 LIBER
811 495 1079 546 Ptvscnrorrtsls

328 658 357 722 si
385 675 456 740 quae
485 652 658 738 aliquando
683 659 920 739 praecesserunt,
944 655 1119 739 pactiones,
1143 653 1389 739 composiciones
1420 663 1457 721 et

328 742 553 827 promissiones
568 741 719 826 singulas,
734 763 813 826 quos
827 742 913 806 idem
927 762 983 806 rex
998 741 1125 826 Angliae
1146 748 1258 820 contre
1270 742 1456 808 libertatem

328 829 420 913 regni
441 829 558 893 Soociae
572 829 715 906 adduxit,
729 829 815 893 idem
829 849 885 894 rex
899 827 1091 906 Willelmns,
1104 833 1143 892 ut
1156 829 1370 913 proemittitur,
1384 829 1455 894 sive

328 917 412 980 nlius
437 916 556 980 Scociae
583 935 649 992 rex,
671 915 838 993 invalidos,
862 935 967 980 cesses
993 921 1026 980 et
1051 915 1158 980 irrites
1182 916 1345 981 focerunt:
1366 915 1456 999 quod

328 1003 492 1068 evidenter
512 1003 681 1086 probetum
694 1008 752 1079 est,
773 1023 813 1067 cx
835 1020 872 1066 eo
887 1001 970 1085 quod
994 1001 1131 1066 constet²
1153 1001 1325 1066 Ricardum
1345 1021 1455 1086 regem

326 1088 462 1173 Angliae‚
473 1087 576 1152 filium
587 1089 721 1154 Henrici
730 1089 812 1172 regis
821 1087 995 1165 memorati,
1006 1088 1048 1152 ed
1056 1088 1232 1152 bonitatem
1246 1089 1454 1153 conscienciae

328 1181 549 1252 revertentem,
568 1175 785 1260 recognovisse
806 1180 928 1258 patrem
949 1194 1044 1238 suum
1065 1175 1241 1238 Henricnm
1264 1175 1453 1259 pmdictnm

327 1269 436 1327 contra
456 1281 563 1346 regem
586 1262 704 1327 Scociae
724 1261 861 1326 eundem
875 1260 1075 1325 Willslmum
1096 1266 1130 1324 et
1149 1281 1300 1346 regnum
1323 1262 1388 1344 qui,
1402 1281 1454 1325 ro-

328 1355 421 1434 cepto
434 1348 474 1412 ab
489 1369 526 1412 eo
541 1368 656 1432 magno
670 1368 795 1413 summa
815 1347 967 1432 pecuniae,
980 1353 1048 1411 tem
1068 1353 1171 1412 castro
1185 1367 1256 1431 quae
1269 1352 1361 1431 peter
1373 1367 1453 1412 suns

327 1435 459 1500 tenebat
472 1435 508 1498 in
523 1435 641 1513 Scocio,
655 1455 712 1519 pro
726 1435 895 1499 securitate
915 1433 1074 1518 predicto,
1088 1433 1192 1499 eidem
1207 1435 1274 1519 regi
1287 1432 1451 1498 Willelmo

328 1520 466 1586 notorio²
485 1522 636 1598 restituit,
657 1541 829 1605 omnesque
851 1519 1063 1606 obligeciones
1088 1526 1122 1585 ot
1145 1525 1239 1605 pacto
1259 1541 1297 1584 ec
1317 1521 1453 1604 promis-

328 1609 433 1673 siones
443 1627 667 1691 quascumque,
677 1607 836 1691 pmdictae
846 1607 1042 1692 captivitatis
1051 1626 1145 1671 causo
1154 1613 1335 1683 montosae
1346 1607 1453 1672 omnis

330 1694 394 1759 elic
413 1694 486 1776 jura
511 1713 582 1776 quae
603 1694 666 1758 sibi
690 1701 867 1778 competere
891 1692 952 1758 hac
974 1693 1013 1757 de
1038 1713 1133 1758 causo
1153 1692 1189 1756 in
1213 1713 1309 1778 regno
1334 1693 1451 1758 Seociae

329 1780 486 1856 cernebat,
505 1779 608 1845 sidem
622 1779 690 1865 regi
703 1779 867 1845 Willelmo
880 1781 1009 1863 penitus
1023 1779 1154 1856 remisit,
1168 1799 1205 1844 ec
1219 1779 1355 1844 eundem
1369 1779 1450 1844 Wil-

329 1866 462 1931 lelmum
476 1885 582 1950 regem
596 1867 636 1930 ab
652 1865 771 1931 eisdem
785 1867 914 1951 penitus
928 1873 962 1932 et
975 1865 1118 1931 obsolute
1132 1865 1289 1944 liberavit,
1302 1887 1359 1951 pro
1373 1887 1452 1950 qun-

331 1973 468 2036 cumque
490 1973 593 2030 censs,
614 1953 654 2018 de
672 1953 744 2037 jure
762 1953 814 2018 vel
835 1953 875 2017 de
896 1953 989 2029 fecto,
1010 1952 1071 2017 sibi
1090 1959 1267 2031 tenuerent,
1287 1973 1344 2037 per
1365 1973 1451 2037 quae-

331 2060 468 2191 (iffque
501 2039 631 2123 publice
652 2040 912 2191 ilfldetewnfercetfla
946 2040 1158 2190 instrumfieints
1186 2046 1219 2104 et
1226 2039 1451 2191 aliwuffenssa

383 2147 416 2190 m
441 2146 624 2209 nuncquom
701 2147 720 2190 o
782 2146 816 2190 m
838 2148 857 2192 o
927 2146 1034 2190 vrsnm
1152 2145 1225 2190 voss
1272 2147 1306 2191 os
1358 2147 1452 2192 oocrae

330 2214 585 2299 quibuscumque
595 2213 721 2298 regibus
732 2147 857 2296 Angliae
867 2213 1051 2296 homagium
1065 2212 1188 2290 fecisse,
1198 2212 1263 2278 nisi
1273 2213 1308 2276 in
1318 2213 1452 2290 ossibus,

330 2308 369 2366 ut
390 2301 603 2384 praemittitur,
623 2299 892 2377 inoeroerncionis,
913 2299 981 2364 sive
1003 2298 1138 2382 aiicujus
1159 2299 1289 2364 alterius
1310 2299 1452 2400 compo]—
1488 2355 1494 2369 ,
1633 2317 1634 2324 “

329 2387 439 2464 sionis,
460 2387 625 2452 violenciae
645 2387 714 2452 sive
735 2387 877 2470 inJ'uriae:
897 2405 1006 2470 ymmo
1028 2405 1152 2469 semper
1165 2386 1335 2455 ,criminosi
1355 2405 1452 2450 umus

329 2474 420 2558 regni
441 2473 476 2536 in
497 2473 560 2536 elio
574 2493 669 2557 regno
683 2473 841 2558 fugientes
856 2471 1012 2556 refugium
1026 2491 1151 2555 semper
1164 2471 1353 2550 babuerunt,
1367 2473 1453 2557 quod

330 2579 396 2624 non
409 2559 596 2624 habuissent
610 2559 638 2624 si
653 2579 754 2624 unum
768 2579 936 2643 regnorum
950 2558 1042 2624 elteri
1056 2557 1232 2624 subletum⁴
1246 2560 1366 2625 fuisset.

359 2856 519 2940 §comtos
533 2856 570 2923 bt
584 2855 748 2940 rescriptis
763 2855 912 2940 cinnii
925 2876 1013 2942 pens
1027 2859 1058 2924 tt
1071 2853 1326 2940 mannisis-b.
1341 2852 1418 2920 xlix

329 3006 557 3105 EXINDE
578 3030 723 3115 sequitur
747 3031 834 3115 quod
854 3031 1006 3116 rescripto
1031 3031 1174 3118 Gregorii
1197 3030 1238 3094 ix.
1259 3035 1294 3093 et
1313 3026 1451 3092 Honorii

330 3119 430 3196 tercii,
444 3137 524 3202 quae,
535 3118 630 3202 juxto
651 3118 884 3202 suggestionem
905 3119 987 3204 regis
1008 3117 1135 3202 Angliae
1148 3115 1222 3182 inde
1242 3113 1379 3191 feotnm⁶
1393 3135 1453 3178 rex

332 3205 449 3270 Scooiae
463 3205 646 3268 nominetur
658 3204 753 3269 homo
767 3203 868 3289 legius
887 3205 968 3288 regis
982 3204 1109 3290 Angliae
1123 3203 1296 3282 memorati,
1310 3208 1366 3266 aut
1378 3199 1455 3266 hoc⁸

331 3291 440 3356 referri
453 3291 547 3356 debet
562 3297 595 3355 et
602 3289 740 3375 intelligi
754 3291 795 3355 od
805 3299 904 3356 terras
919 3311 992 3356 sues
1006 3311 1085 3374 ques
1095 3292 1130 3356 in
1139 3290 1324 3375 Anglicrcx
1335 3288 1453 3353 Scociae

330 3379 460 3442 tenebat
474 3377 514 3441 de
528 3397 574 3454 eo,
586 3382 619 3441 et
632 3397 697 3441 non
711 3383 770 3460 pro
780 3398 877 3462 regno
888 3377 1013 3456 Scooiae,
1024 3397 1149 3462 semper
1158 3376 1329 3441 etomnino
1338 3375 1454 3454 libero;

330 3471 388 3528 out
402 3463 625 3548 intelliguntur
638 3484 695 3548 pro
708 3469 850 3549 tempore
864 3464 1059 3548 captivitatis
1073 3461 1168 3548 regis⁷
1183 3463 1308 3540 Scocim
1322 3469 1360 3526 ut
1374 3481 1454 3546 prae-

330 3551 478 3626 mittitur,
487 3571 558 3633 quse
566 3570 622 3635 per
630 3549 1081 3676 suggestionemregisAngliae
1089 3556 1217 3634 accepte
1227 3555 1454 3625 noscuntur,—

330 3637 421 3721 regni
411 3637 552 3787 fflifl?
566 3636 692 3785 liitrorotr
717 3657 753 3701 m
766 3636 827 3701 hoc
840 3636 1227 3737 praejudicinm·ge·nerere
1248 3655 1314 3699 non
1328 3634 1454 3735 debent,

329 3742 494 3894 ibisci
502 3729 1454 3894 obittfflrtpiibffioffiffliiiffiti

330 3897 515 3962 subsecutas
529 3894 694 3960 evidenter
704 3895 869 3960 declarato
905 3896 1008 3960 Juxta
1018 3916 1090 3978 quae
1103 3895 1264 3980 rescripto,
1277 3893 1453 3959 secundum

330 3989 451 4048 statuto
478 3982 568 4047 illius
595 3981 756 4066 temporis,
788 3982 1004 4046 narrecionem
1034 3982 1177 4065 ejusdem
1213 3981 1295 4064 regis
1325 3979 1453 4064 Angliae

330 4069 506 4135 secundum
520 4068 577 4132 illo
590 4073 733 4152 tempora
746 4075 874 4132 tontum
888 4067 1053 4146 continet,⁹
1063 4068 1312 4133 condicionalem
1326 4066 1454 4131 conclu·

378 4255 504 4307 ²Attered
507 4257 582 4321 from
593 4258 725 4307 constent.
831 4251 884 4305 ¹13.
897 4255 926 4306 O.
939 4254 971 4307 D.
985 4255 1014 4306 Ε.
1028 4255 1137 4306 notorie

377 4322 429 4378 ⁸0.
443 4325 472 4377 E
486 4327 540 4378 add
550 4325 691 4394 preterito.

378 4394 390 4430 ὅ
402 4397 432 4449 B.
447 4395 524 4450 fecto.
915 4411 957 4447 uo.
1123 4391 1133 4430 ¹
1146 4395 1214 4464 rogis
1225 4399 1252 4449 ιἰι
1264 4397 1366 4462 margin
1377 4395 1449 4448 later.

379 4463 428 4518 ⁸0.
442 4467 473 4518 D.
488 4467 516 4520 n
529 4467 655 4520 libertati
960 4465 965 4478 '
