3282 5124
434 1327 595 1413 §usitat
609 1327 645 1396 ba
658 1326 806 1396 matida
820 1327 856 1396 ba
870 1325 1128 1413 ΜΝΞ-π.
1144 1325 1290 1411 aticum

303 1477 458 1576 F’OST
472 1503 594 1568 bellum
614 1501 775 1586 perditum
797 1501 882 1586 apud
896 1502 1028 1568 Variam
1042 1501 1215 1587 Capellam,
1228 1520 1286 1565 rex
1298 1497 1425 1584 Angliae

304 1590 350 1654 et²
364 1611 404 1654 ex
419 1595 509 1675 parte
529 1589 643 1653 boriali
664 1609 755 1672 aquae
776 1588 816 1653 de
838 1589 937 1653 Forth
958 1590 1165 1673 personaliter
1179 1608 1245 1652 non
1258 1588 1348 1651 venit
1369 1605 1425 1668 pro

304 1682 402 1755 tunc;
423 1675 480 1740 sed
493 1675 583 1739 misit
597 1676 777 1759 potenciam
792 1676 869 1740 satis
883 1696 1038 1761 magnam,
1052 1697 1125 1761 quae
1138 1680 1241 1740 totam
1254 1679 1372 1738 terram
1386 1671 1425 1736 de

304 1763 376 1826 Fiie
390 1783 464 1826 cum
478 1762 624 1840 omnibus
639 1762 857 1845 adjacentibus
871 1765 962 1828 terris
976 1763 1063 1828 villae
1076 1763 1116 1828 de
1131 1760 1238 1839 Parth,
1250 1759 1427 1825 interfectis

304 1848 450 1932 pluribus
465 1849 606 1931 ipsarum
621 1853 776 1912 terrarum
785 1849 907 1927 incolis,
918 1849 1149 1935 depraedabant.
1194 1848 1266 1926 Qua
1279 1845 1426 1932 potencia

304 1955 437 2012 reversa,
452 1933 556 1999 dictrrs
570 1955 626 1998 rex
648 1955 725 2000 cum
742 1935 857 2018 pradis
878 1936 1054 2002 innumeris
1074 1942 1107 2001 et
1119 1941 1214 2020 gente
1228 1955 1286 2000 sua
1300 1932 1341 1998 ad
1354 1952 1428 2015 pro-

304 2021 375 2105 pria
388 2021 548 2086 remeavit.
593 2021 685 2099 Quod
696 2022 795 2086 aDeo
807 2022 927 2087 factum
941 2043 1009 2088 esse
1023 2043 1088 2088 non
1102 2021 1321 2106 ambi[gi]tur:
1342 2038 1427 2095 nam,

305 2109 335 2172 si
348 2114 435 2186 tunc,
448 2107 502 2172 vel
515 2113 588 2191 post
609 2108 792 2173 conflictum
805 2108 846 2173 ds
859 2109 995 2174 Dunbar
1008 2115 1042 2174 et
1054 2109 1136 2194 regis
1150 2107 1309 2174 lobannis
1323 2103 1426 2189 capci-

306 2215 407 2272 onem,
430 2215 551 2259 moram
575 2194 611 2258 in
634 2195 739 2279 patria
762 2195 920 2274 traxisset,
942 2202 1044 2260 totam
1071 2202 1189 2261 terram
1211 2194 1328 2259 Scociae
1354 2211 1427 2257 cum

305 2281 551 2346 habitatoribus⁸
564 2287 622 2346 aut
635 2302 693 2347 suo
710 2282 910 2367 subjugasset
931 2282 1074 2367 imperio,
1087 2288 1145 2348 aut
1158 2281 1300 2358 eandem,
1314 2283 1429 2364 praeter

306 2388 404 2451 aquas
430 2374 463 2432 ot
487 2367 617 2452 lapides,
643 2374 680 2433 ut
704 2374 846 2452 putatur,
870 2373 994 2434 vastam
1017 2368 1214 2434 reddidisset
1258 2366 1329 2444 Sed,
1352 2363 1429 2450 quia

306 2453 435 2519 aliunde
459 2455 635 2538 plurimum
659 2461 841 2539 occupatus,
866 2475 931 2519 non
952 2457 1059 2539 potuit
1084 2454 1253 2520 adomnia
1277 2451 1375 2517 simul
1395 2456 1428 2515 et

307 2541 406 2606 semel
419 2541 591 2607 intendere.
637 2541 803 2606 Redaunte
816 2542 915 2626 igitur
927 2542 984 2607 illo
999 2563 1072 2607 oum
1094 2543 1161 2607 suis
1182 2541 1347 2618 ministris,
1361 2537 1428 2602 offi-

306 2628 421 2705 ciariis,
436 2633 468 2692 et
482 2634 656 2692 castrorum
670 2628 853 2693 custodibus
874 2629 910 2692 in
924 2628 1035 2695 Soocie
1047 2629 1097 2692 iii⁴
1110 2628 1256 2712 partibus
1270 2627 1328 2690 viz.
1344 2625 1429 2688 ultra

307 2711 406 2778 Forth
427 2714 618 2791 constitutis,
635 2734 707 2797 quas
727 2734 802 2797 pars
822 2715 934 2799 patria
956 2736 993 2780 eo
1014 2721 1093 2781 tunc
1113 2713 1254 2799 plenarie
1275 2733 1332 2778 suo
1354 2711 1430 2776 sub-

304 2801 430 2884 jacebat
444 2799 594 2877 dominio,
608 2799 718 2883 paucis
741 2801 883 2884 exceptis
905 2802 1053 2868 exulibus
1075 2802 1115 2866 de
1136 2802 1268 2866 nacione
1281 2818 1428 2864 verorum

308 2887 473 2950 Scotorum
487 2887 523 2949 in
537 2886 627 2951 silvis
642 2886 829 2970 degentibus
852 2893 884 2952 et
904 2889 941 2952 in
954 2889 1097 2954 cavernis
1112 2890 1240 2972 rupium
1255 2894 1288 2951 et
1302 2884 1430 2951 conval-

307 2972 389 3035 lium
413 2971 625 3051 latitantibus,
643 2973 708 3057 qui,
729 2979 858 3058 propter
883 2974 984 3040 caedes
1008 2981 1042 3040 et
1066 2975 1205 3059 dampna
1227 2981 1295 3038 tam
1314 2971 1429 3056 Anglis

308 3079 406 3142 quam
435 3059 537 3123 Sectis
566 3057 746 3143 Anglicatis
774 3059 875 3137 illata,
904 3066 1011 3145 aperte
1046 3062 1082 3127 in
1118 3066 1290 3145 conspectu
1318 3057 1430 3142 populi

308 3165 580 3314 titillat
605 3144 1021 3318 illillnlatssldlel
1044 3146 1429 3317 bdluullilllii

308 3319 433 3382 Frasior
455 3317 560 3383 dictus
583 3318 713 3396 Fiesail,
735 3319 879 3384 bellicosi
901 3320 971 3401 viri,
996 3322 1117 3386 strenui
1142 3327 1175 3387 et
1198 3320 1287 3385 omni
1309 3319 1429 3384 vi1tute

308 3404 443 3488 praediti,
476 3425 550 3469 cum
582 3425 691 3470 eorum
715 3405 892 3472 fautoribus
922 3415 955 3472 et
987 3409 1183 3492 sequacibus,
1205 3407 1257 3472 die
1279 3426 1315 3471 ac
1336 3411 1429 3470 nocte

307 3491 467 3575 predictis
491 3492 573 3576 regis
596 3492 722 3577 Angliae
746 3493 909 3571 ministris,
934 3493 1062 3560 ballivis
1086 3500 1119 3560 et
1148 3493 1332 3560 custodibus
1363 3511 1431 3558 cas-

307 3584 430 3642 trorum
453 3577 650 3656 insidiantes,
671 3579 831 3663 predictis
853 3581 998 3665 Anglicis
1023 3582 1100 3646 satis
1123 3589 1214 3646 erant
1236 3579 1371 3658 molesti,
1393 3599 1430 3643 ac

308 3665 417 3742 eciam,
432 3672 470 3729 ut
487 3666 701 3748 praemittitur,
716 3665 819 3732 Scotis
840 3667 1028 3751 Anglicatis,
1042 3688 1099 3753 per
1119 3673 1255 3752 quatuor
1276 3687 1376 3731 annos
1397 3671 1431 3730 et

308 3751 401 3829 ultra,
415 3771 472 3836 per
492 3757 620 3816 mutuas
642 3753 752 3830 caedes,
766 3753 890 3838 flagella
909 3760 942 3819 et
962 3761 1121 3819 tormonte
1135 3755 1222 3818 varia
1236 3775 1270 3819 se
1291 3753 1430 3817 invicem

309 3839 491 3923 affligentes.
537 3839 618 3904 Cum
639 3838 701 3903 hoc
714 3860 789 3904 vero
810 3841 1000 3906 nunciatum
1018 3841 1130 3905 fuisset
1151 3841 1218 3925 regi
1238 3838 1432 3989 Εὼνειτὲἰο]ἒ

308 3925 469 4008 quendam
490 3925 676 3990 notabilem⁰
695 3925 840 4004 militem,
860 3927 897 3990 in
918 3927 1014 3992 armis
1036 3934 1209 4004 strenuum,
1224 3927 1351 4010 Radulp
1375 3947 1432 3990 um

310 4011 448 4096 Confiuy
469 4013 606 4090 nomine,
626 4032 700 4077 cum
721 4014 862 4078 exercitu
883 4034 948 4078 non
966 4014 1090 4079 modico
1111 4015 1147 4077 in
1167 4014 1309 4078 Scoeiam
1328 4018 1432 4077 trans-

356 4197 366 4232 ¹
379 4199 408 4251 B.
421 4198 453 4250 D.
467 4198 576 4265 Roslyn.
614 4199 642 4250 0.
656 4199 685 4251 E
698 4199 761 4251 beve
773 4200 826 4251 Hic
843 4205 1031 4268 consequenter
1042 4205 1167 4254 emuntur
1178 4201 1294 4268 capitula
1310 4200 1372 4252 libri
1384 4201 1411 4252 ix
1422 4220 1430 4263 ;

311 4273 339 4320 et
359 4270 443 4335 primo
465 4269 498 4320 de
517 4269 639 4320 conflictu
659 4269 693 4320 de
713 4270 830 4336 Roslyne
850 4273 988 4323 commisso
1006 4289 1076 4323 anno
1097 4272 1203 4323 Domini
1223 4272 1361 4322 millesimo
1378 4278 1432 4323 ccc⁰

311 4339 432 4391 secundo.
887 4339 939 4391 2Β.
954 4341 980 4394 Ο.
995 4343 1025 4393 Ε.
1039 4345 1100 4393 mult
1111 4346 1145 4394 et
1182 4343 1214 4396 D.
1229 4343 1277 4395 laus
1288 4347 1316 4394 et
1327 4342 1430 4395 deleted.

358 4409 408 4460 ³0.
421 4409 451 4459 Ε.
465 4409 655 4461 habitantibus
887 4409 898 4444 ⁴
910 4411 939 4462 B.
953 4413 980 4464 c.
994 4413 1026 4464 D.
1040 4413 1069 4465 1⁴1
1083 4412 1118 4464 in

357 4477 409 4532 ⁵0.
423 4480 453 4530 Ε.
466 4481 646 4547 preacipperua
887 4479 899 4515 ⁰
911 4482 940 4534 B.
954 4482 982 4535 C.
996 4483 1027 4534 D.
1042 4483 1071 4534 Ε.
1084 4482 1204 4535 nobilem
