3284 5122
316 470 376 529 iii
688 481 1064 532 iisuuiiusciitnnivsis.

308 639 437 724 juniore
451 660 556 706 sorore
570 642 765 725 processerit,
775 660 905 726 regnare
919 639 1033 706 debere
1047 639 1206 718 dixerunt,
1219 659 1277 725 pro
1292 639 1342 706 ειοι
1355 639 1442 725 quod

311 727 436 812 primus
446 727 608 794 musoulus
618 734 704 794 essct
714 727 753 793 de
764 727 851 793 diota
862 727 1011 813 prosapia
1021 726 1225 805 descendens,
1234 733 1303 792 tarn
1316 728 1443 792 racione

310 815 521 880 successionis
539 835 637 900 quein
659 814 917 900 propinquitatis,
930 813 1008 899 quia
1027 833 1094 879 uno
1114 813 1214 898 gredu
1234 813 1443 899 propinquior

311 900 427 985 stipiti,
440 901 500 966 vin
515 901 601 966 dicto
623 901 734 967 comiti
754 901 865 967 David
884 902 925 968 de
947 901 1173 985 Huntyngton,
1187 906 1263 966 crat
1308 901 1443 985 Pmpter

311 1007 392 1071 ques
406 986 580 1053 divisiones
594 993 628 1053 ct
641 987 874 1067 contenciones‚
889 988 931 1053 ed
944 987 1133 1054 evitandum
1153 985 1304 1053 iminens²
1317 987 1441 1072 perieu-

311 1072 390 1150 lum,
411 1094 521 1139 onmes
541 1073 738 1140 unanimiter
758 1075 848 1159 regni
868 1074 1012 1160 majores,
1032 1079 1101 1140 teni
1120 1072 1254 1158 praelati,
1268 1071 1441 1159 principes⁸

312 1166 346 1224 st
365 1160 456 1246 regni
479 1161 628 1228 custodes
649 1182 747 1246 quam
763 1162 865 1228 eciam
887 1181 997 1227 omnes
1019 1160 1216 1226 concorditer
1237 1161 1316 1226 trini
1337 1165 1441 1225 status

312 1247 567 1328 communitates,
587 1248 624 1314 in
644 1269 750 1334 regem
771 1247 898 1334 Angliic
919 1247 1121 1325 Edwardum,
1142 1253 1181 1312 ut
1202 1267 1299 1332 supra
1318 1245 1440 1312 dictum

311 1339 368 1410 est,
382 1334 425 1398 ed
438 1334 633 1400 decisionem
647 1335 835 1420 quaestionis
856 1355 952 1420 super
961 1335 1034 1420 jure
1047 1335 1144 1420 regni,
1159 1335 1219 1400 via
1243 1335 1317 1419 quis
1331 1354 1442 1400 eorum

306 1419 380 1505 jure
401 1441 531 1506 regnare
553 1421 690 1499 deberet,
712 1421 955 1487 consencierunt
973 1421 1067 1486 modo
1092 1427 1126 1486 et
1146 1421 1249 1486 formu
1269 1419 1441 1506 premissis

311 1506 465 1590 superius.
509 1508 553 1573 Et
574 1508 621 1574 sic
642 1508 678 1572 in
692 1508 815 1573 dictuin
836 1527 942 1593 regem
963 1507 1090 1593 Angliae
1104 1507 1206 1572 cmbae
1227 1515 1333 1592 partes
1355 1527 1441 1572 coni·

310 1593 542 1676 promittentes,
571 1599 610 1659 nt
636 1593 706 1678 ipsc
735 1593 771 1658 in
799 1594 886 1659 dicte
914 1614 1010 1659 carisa
1034 1594 1117 1679 juris
1146 1593 1313 1678 utriusque
1340 1591 1440 1678 partis

310 1677 486 1744 declarator
498 1678 650 1745 existeret
671 1679 899 1758 deoreverunt,⁴
913 1681 1054 1746 eteum⁶
1067 1686 1191 1765 partein
1212 1687 1322 1746 contra
1343 1699 1441 1764 quani

311 1765 507 1830 sentenciam
529 1786 620 1832 susm
641 1766 770 1832 ferendo
790 1766 1006 1852 promulgaret
1026 1767 1068 1832 ed
1089 1766 1263 1832 tenendum
1279 1772 1386 1831 ratum
1407 1771 1440 1831 et

310 1857 444 1936 gratum,
457 1851 586 1917 firmum
600 1858 633 1919 ot
647 1852 818 1931 stubilcm,⁶
830 1853 1006 1918 secundum
1020 1853 1104 1939 juris
1123 1852 1319 1938 exigenciem
1332 1851 1440 1918 debite

311 1936 494 2004 exerceret!
539 1938 663 2017 Quibus
678 1939 725 2005 sic
738 1939 884 2024 perustis,
899 1939 993 2005 electi
1010 1945 1087 2004 sunt
1099 1944 1165 2004 tres
1179 1939 1291 2005 nuncii
1305 1938 1441 2004 nobiles⁸

309 2023 353 2087 sd
366 2022 625 2091 denunciandum
696 2027 703 2042 '
720 2025 848 2112 Angliae
861 2047 899 2092 ea
913 2046 985 2111 quie
999 2031 1071 2092 ectu
1084 2031 1183 2103 ciunt,
1196 2026 1256 2092 vin.
1271 2025 1439 2111 episcopus

311 2109 545 2190 Brechiucnsis,
559 2111 656 2178 obbas
692 2133 710 2179 e
725 2115 748 2180 J
749 2112 891 2192 edwort,⁹
905 2118 938 2178 et
953 2111 1143 2180 Galfiidus¹⁰
1156 2112 1197 2177 de
1218 2111 1392 2197 Mowbray,
1406 2117 1440 2176 et

310 2197 352 2263 ad
365 2198 435 2282 ejus
450 2198 686 2286 implorandum
694 2199 864 2266 consilium
875 2203 908 2265 et
918 2201 1072 2284 juvamen
1080 2197 1303 2285 inprcemissis,
1313 2195 1440 2264 eeiem¹¹

310 2284 351 2349 de
375 2290 463 2350 stetu
488 2291 521 2352 et
541 2285 695 2372 regimine
720 2286 819 2388 regni,
840 2292 873 2351 ct
898 2307 993 2371 super
1017 2285 1258 2370 rcoupsiucione
1281 2291 1375 2351 terrae
1400 2284 1441 2351 de

238 2371 240 2378 ’
310 2369 477 2437 Penrcth¹²
490 2377 524 2438 ct
542 2372 615 2437 aliis
629 2373 780 2440 dominiis
790 2397 799 2455 ;
818 2373 907 2459 quod
920 2373 968 2438 ite
988 2372 1110 2438 fectum
1131 2378 1188 2438 cst
1230 2373 1275 2437 Et
1288 2391 1440 2457 responso

309 2455 420 2523 habito
445 2480 465 2525 e
489 2479 562 2544 iege
582 2460 718 2546 Angliae,
732 2460 768 2524 in
790 2459 933 2525 Scocium
953 2459 1125 2538 rediuntes,
1139 2459 1226 2545 apud
1241 2457 1441 2525 Olakmunan

309 2543 443 2610 consilio
464 2543 547 2610 inito
568 2565 626 2630 per
646 2546 793 2612 custodes
814 2544 911 2631 regni,
926 2565 1113 2630 responsum
1126 2543 1208 2632 regis
1222 2545 1343 2612 eisdem
1356 2566 1440 2610 nun-

310 2629 485 2710 ciaverunt,
507 2630 593 2716 quod
616 2630 755 2698 libenter
775 2652 885 2697 corum
908 2631 1066 2716 precibus,
1090 2632 1261 2716 quamcito
1274 2630 1439 2698 commode

308 2722 443 2800 poterut,
464 2716 702 2803 obtemperaret
744 2718 790 2782 Et
810 2717 979 2783 confestim
1000 2717 1115 2783 misit¹⁸
1128 2719 1215 2784 idem
1235 2739 1292 2784 rex
1387 2717 1440 2783 liic

308 2801 400 2888 regni
422 2803 473 2868 sui
497 2803 691 2882 comidibus,
711 2803 853 2889 praelotis
873 2809 907 2870 et
925 2803 1118 2904 proceribus,
1139 2805 1296 2870 nuncians
1340 2805 1347 2820 '
1387 2824 1439 2870 ein

331 2888 395 2954 uod
408 2910 542 2974 regnum
556 2889 675 2956 scocie
689 2911 763 2956 cum
784 2889 961 2976 icgnieohs,
974 2889 1172 2958 considerate
1192 2891 1359 2969 divisione,
1372 2911 1439 2956 susc
1578 2899 1581 2906 ’

344 2975 430 3040 cinni
445 2975 565 3042 delevi
579 2977 748 3062 suangare
767 2981 901 3064 poterat
944 2977 1076 3043 Eisdem
1089 2977 1317 3044 nichilominus
1331 2977 1438 3043 inten-

308 3061 433 3128 cionem
454 3083 555 3143 sucm,
578 3082 673 3148 super
693 3063 754 3130 hoc
778 3063 951 3129 eorundem
976 3063 1159 3149 opinionem
1180 3064 1345 3150 exigendo,
1366 3084 1438 3149 pro

307 3148 440 3234 pulerit,
453 3150 515 3217 vin.
532 3148 619 3234 quod
632 3169 708 3215 mox
732 3149 768 3214 in
789 3149 983 3216 Francicm¹⁴
996 3151 1131 3216 nuncios
1152 3151 1391 3228 transmitteret,
1405 3154 1440 3215 et

295 3236 492 3388 ,quinirtincm
505 3235 706 3390 quofflm
719 3235 1097 3389 ῙιειιίᾷἓίιιιιιιιὶιίΙιιιιιι,ιιιενῖιέθ
1095 3236 1177 3322 juris
1191 3236 1366 3390 peritgffim
1376 3235 1439 3337 sibi

307 3329 603 3493 perossfflfflosgt
624 3329 1293 3495 ielstdiiillluggflelssiorllffloasuluilidiitecte
1334 3375 1346 3425 ³
1375 3343 1440 3476 131,

304 3493 387 3595 juris
401 3495 513 3580 peritis
525 3495 692 3647 exfodtus
707 3503 770 3598 est,
778 3517 891 3598 verum
904 3496 1117 3597 patrocinium
1131 3503 1165 3561 et
1178 3494 1349 3598 ccnsilium
1363 3517 1439 3597 con·

309 3579 444 3667 dignum
464 3603 506 3648 ex
522 3604 558 3647 in
574 3603 772 3684 'oncenseqiu
788 3603 922 3648 mimine
943 3587 1108 3684 potuisset
1153 3581 1254 3684 Cujus
1275 3603 1368 3649 cesus
1389 3602 1439 3647 in·

308 3687 447 3753 congrua
471 3689 633 3754 expositio
658 3675 691 3736 et
716 3669 797 3736 false
821 3677 991 3756 suggestio,
1015 3690 1058 3735 cir
1082 3674 1265 3736 intencione
1290 3673 1438 3755 corrupta

307 3755 522 3840 procedentes,
535 3775 643 3821 veram
661 3755 744 3841 juris
759 3755 851 3821 dubii
864 3755 1048 3842 opinionem
1062 3775 1266 3842 nequequam
1279 3757 1437 3842 parturire

355 3961 367 4000 ¹
379 3966 406 4018 Cr
420 3963 450 4017 E
463 3982 497 4017 ex
508 3971 536 4020 st
547 3981 596 4033 pro
607 3982 646 4019 co.

355 4033 367 4070 ¹
379 4037 407 4088 B.
420 4036 566 4090 imminens
592 4035 625 4090 D.
635 4035 775 4090 imminens
786 4035 883 4088 abacti
894 4035 959 4088 later
968 4035 1178 4101 smmcmincni.
1205 4037 1234 4092 0.
1247 4037 1372 4100 eminens,
1384 4035 1439 4088 esd

308 4105 376 4159 adds
386 4107 415 4158 in
426 4123 507 4175 regno
518 4107 662 4160 divisionis.
1087 4105 1139 4161 ³0.
1153 4109 1184 4161 D.
1198 4107 1228 4162 Ec
1242 4109 1298 4160 edd
1308 4123 1435 4175 proceres.

354 4175 454 4229 *decre
465 4179 590 4231 corrccoed
602 4179 667 4231 luter
678 4183 703 4230 te
714 4176 898 4229 decreverunt.
1084 4173 1435 4232 ‘Edecrsvernntntcam

355 4245 408 4300 'li
422 4248 452 4300 C.
466 4249 496 4300 lt
509 4247 612 4301 stabile.
717 4244 770 4302 lB.
784 4246 812 4300 0.
825 4247 857 4300 D.
872 4245 902 4302 Ε.
915 4246 1072 4302 coherceret.
1119 4245 1172 4302 ⁸0.
1185 4249 1215 4302 lt
1228 4248 1365 4301 notabiles.

353 4314 406 4371 ⁹0.
419 4317 449 4371 u
463 4318 597 4372 Gedwort
634 4319 666 4372 Ι).
678 4317 697 4371 J
698 4317 827 4371 edwomt.
1110 4317 1132 4352 ¹⁰
1143 4318 1173 4371 C.
1187 4319 1220 4371 Ε.
1234 4317 1398 4371 Genltridns.

343 4385 756 4454 ”eiuadteredloto'toeciam
1086 4385 1368 4444 'fideimanus

343 4455 365 4493 ¹³
376 4459 405 4511 0.
419 4459 449 4512 it
462 4460 579 4512 mandet
709 4455 731 4494 ¹⁴
743 4459 771 4513 0.
784 4459 817 4513 D.
831 4459 862 4512 E.
875 4457 993 4512 Francia
