3254 5122
278 412 316 472 14
470 453 471 458 =
651 419 746 467 LIBER
761 413 1031 466 substruentem.
1123 423 1126 429 “

274 578 481 646 matrimonio
491 575 673 662 copulatam
684 572 846 656 tradidit;¹
868 595 910 640 ex
920 593 986 658 quc
995 570 1199 636 matrimonio
1209 568 1311 636 oritur
1319 573 1403 634 nova

274 664 518 734 reminiscencia
531 664 698 748 cujusdam
711 660 902 748 propheciae,
915 666 953 725 ut
967 679 1024 744 per
1037 663 1139 724 metra
1152 657 1307 742 sequitur,

492 775 586 840 Bruti
598 773 769 860 posteritas
782 771 920 838 Albanis
934 769 1090 836 associata

491 862 629 947 Anglica
642 881 740 947 regna
753 858 889 947 premet²
902 878 988 936 nece,
1002 857 1116 934 furore,
1130 855 1224 921 rame.

313 975 393 1040 Haec
404 973 491 1044 enim
501 971 745 1060 extravagancia
754 972 791 1038 in
800 970 926 1056 magnis
938 967 1082 1036 Oronicis
1094 967 1228 1055 repperi,
1238 970 1412 1054 propterea¹

276 1061 525 1128 incidentaliter8
538 1061 593 1128 hic
607 1061 746 1128 inserere
758 1059 841 1125 utile
849 1055 1008 1145 judicavi,

376 1293 539 1380 §retitur
554 1295 591 1363 be
604 1295 704 1362 creua
716 1291 896 1377 summitti
909 1290 996 1376 reaia
1009 1287 1225 1373 §maia—li.
1240 1285 1304 1356 xxi.
1399 1291 1403 1302 '

278 1405 426 1511 ΗΠΒ
441 1439 549 1500 autem
561 1431 772 1517 temporibus⁴
781 1453 839 1498 rex
853 1429 1045 1496 Malcolmus
1060 1430 1163 1496 aDeo
1177 1433 1359 1515 praeventus
1372 1427 1408 1493 in

277 1519 559 1587 benediccionibus
573 1519 762 1596 dulcedinis,
775 1523 872 1605 prout
891 1538 913 1583 a
933 1524 1042 1583 tenore
1058 1517 1190 1601 superni
1210 1517 1327 1582 amoris
1347 1515 1409 1580 ier·

279 1627 355 1672 vore
365 1612 560 1690 conceperat,
571 1606 607 1670 in
617 1611 686 1670 tota
696 1605 764 1670 vite
774 1625 832 1670 sua
842 1604 978 1671 candore
986 1604 1163 1688 pudicicie,
1173 1609 1207 1670 et
1214 1601 1409 1668 humilitatis

279 1692 376 1758 titulo
391 1698 425 1758 et
444 1691 647 1771 innocencise,
660 1691 864 1776 puritateque
882 1691 1096 1770 conscienciae,
1109 1711 1236 1756 morum
1253 1690 1410 1776 gravitate

280 1779 379 1844 simul
393 1785 427 1845 et
440 1778 610 1844 sanctitate
620 1779 667 1844 ita
677 1778 886 1862 praecellebat,
896 1784 935 1844 ut
945 1778 1029 1844 iuter
1036 1777 1201 1856 seculares,
1210 1777 1328 1862 quibus
1340 1774 1409 1841 solo

279 1865 395 1930 habitu
416 1865 633 1944 conveniebat,
646 1864 829 1942 monachus,
843 1870 878 1930 et
896 1865 982 1929 inter
994 1863 1148 1942 homines,
1161 1865 1279 1947 quibus
1293 1862 1410 1947 imper-

281 1951 364 2030 abat,
385 1959 541 2036 tanquam
563 1957 708 2016 terrenus
736 1951 867 2036 angelus
896 1950 1071 2018 videbatur.
1129 1951 1215 2016 (lum
1238 1955 1347 2015 autam
1374 1949 1411 2012 in

282 2059 379 2124 regno
393 2059 451 2124 per
464 2038 513 2102 xii
526 2037 640 2104 anncs⁵
654 2044 777 2123 septem
790 2057 916 2104 menses
931 2043 965 2104 et
976 2042 1042 2103 tres
1057 2037 1125 2103 dies
1137 2037 1284 2115 vixisset,
1296 2035 1411 2121 quinto

281 2125 366 2210 ydus
387 2125 582 2204 Decembris,
603 2124 684 2191 feria
703 2124 826 2211 qmnta,
846 2129 978 2192 vocatas
992 2145 1012 2189 a
1027 2123 1164 2202 Christo,
1176 2123 1409 2190 humanitatem

283 2233 404 2278 exuens
418 2232 493 2277 cum
507 2212 629 2298 angelis
639 2212 813 2280 associatus
827 2217 885 2290 est,
896 2211 949 2277 cui
963 2210 1079 2296 dignus
1093 2229 1159 2276 non
1172 2216 1241 2276 erat
1254 2209 1412 2288 mundus3

282 2298 319 2363 in
340 2320 398 2365 suo
420 2299 540 2364 floridae
553 2299 658 2366 aetcfie
678 2319 764 2364 anno
784 2306 910 2364 terrena
922 2297 1113 2383 relinquam,
1127 2297 1271 2364 coeleetia
1289 2303 1413 2382 petens,
1537 2306 1543 2318 “

283 2405 418 2472 regnum
439 2406 505 2451 non
526 2385 687 2470 perdendo
715 2385 773 2452 sed
801 2384 964 2465 mutando,
989 2383 1030 2449 ad
1050 2384 1229 2449 Dominum
1253 2383 1412 2468 migravit

285 2472 364 2537 Post
386 2473 479 2556 cujus
502 2471 640 2536 obitum⁶
662 2471 778 2538 devoto
800 2470 924 2549 clerice,
947 2469 1095 2555 praedicti
1115 2470 1201 2556 regis
1225 2469 1304 2535 dum
1327 2469 1414 2535 vixit

283 2557 541 2636 familiarissimo,
555 2558 597 2622 ed
610 2559 679 2642 ejus
693 2555 884 2642 sepulcrum,
904 2557 946 2622 ob
966 2577 1106 2623 amorem
1126 2577 1223 2644 quem
1244 2576 1319 2640 erga
1339 2575 1414 2622 enm

284 2644 407 2722 habuit,
421 2644 596 2709 excubanti
616 2644 707 2710 etin
727 2642 927 2709 oracionibus
941 2644 1078 2722 vacanti,
1100 2643 1178 2709 dum
1198 2643 1234 2709 in
1248 2642 1414 2728 psallendo

286 2729 425 2815 psalmos
448 2749 600 2814 sompnus
625 2730 784 2814 obriperet
805 2729 868 2796 sibi
889 2729 1019 2808 suasuris,⁷
1039 2731 1126 2796 idem
1147 2731 1227 2796 deus
1247 2727 1414 2795 dominus⁸

286 2835 353 2894 rex,
367 2820 405 2880 ut
426 2815 490 2880 sibi
503 2815 679 2895 videtete,
693 2817 730 2882 in
743 2823 833 2882 vaste
854 2815 1006 2882 candida⁹
1018 2817 1167 2903 insigniis
1186 2815 1355 2918 regalibus,
1376 2820 1415 2882 ut

288 2901 405 2981 decuit,
419 2902 642 2968 decentissime
658 2907 797 2981 ornatu,
808 2903 967 2987 jocundus
988 2909 1023 2969 et
1042 2903 1153 2970 hilaris
1174 2904 1238 2969 siba
1258 2903 1415 2988 apperuit,

288 2993 322 3054 et
347 2989 379 3054 ei
407 2989 561 3090 dialogus
589 2988 631 3054 ad
660 3009 699 3056 ea
726 3010 791 3074 que
818 2991 937 3056 interro
957 2990 1042 3056 ando
1066 2991 1215 3076 quesivit
1242 2988 1416 3076 respondit.

290 3076 476 3160 Sequuntur
500 3077 767 3161 mterrogaciones
795 3095 895 3162 perp
963 3077 1062 3144 'blm
1085 3077 1238 3153 clericum
1265 3077 1307 3143 sd
1335 3095 1415 3164 prae·

289 3161 440 3229 dictum¹⁰
452 3182 559 3248 regem
571 3163 704 3254 metrice
716 3162 895 3249 compilatae
904 3161 947 3232 :¹¹

1030 3291 1167 3359 Ropoudit
1178 3290 1265 3347 lindi

396 3385 454 3438 Rex
466 3387 539 3448 olim,
551 3386 616 3455 quid
628 3387 702 3456 agis!
926 3387 1023 3441 Servus
1034 3389 1227 3457 quodammodo
1238 3407 1326 3458 regno.

396 3457 451 3510 (lur
462 3458 510 3519 sic,
522 3474 588 3522 care,
600 3461 691 3512 taces!
924 3459 976 3510 Pro
987 3476 1029 3512 me
1040 3459 1159 3528 loquitur
1170 3477 1228 3513 mea
1239 3462 1302 3514 vita

396 3527 451 3579 (lm
462 3531 537 3580 tenet
547 3545 610 3595 yma
621 3533 700 3582 carol
927 3529 1041 3596 Spiritus
1052 3531 1107 3583 alta
1118 3531 1192 3598 petit

396 3597 544 3665 Torqnaris,
557 3603 657 3652 necrol
926 3600 988 3652 Non
999 3605 1130 3668 torqueor,
1142 3602 1355 3670 ymmoquiesoo.

397 3667 460 3730 Qus
472 3667 692 3735 tibipoenaiuiti
928 3670 989 3723 Sors
999 3672 1270 3738 mavuantenecsm.

397 3738 714 3802 truchtmarus
921 3739 1181 3794 Parsulisusnesoio¹³
1192 3759 1282 3810 poenae.

399 3808 452 3861 cur
464 3810 559 3862 candet
571 3811 670 3863 vestis!
925 3809 1007 3880 Virgo
1018 3828 1109 3864 necem
1119 3813 1195 3866 subii.

398 3877 708 3949 AEgereruqnondnml
924 3881 1064 3935 lambens
1076 3881 1230 3936 convslec¹⁴

342 4035 351 4069 ¹
364 4035 392 4088 0.
405 4036 436 4089 la
449 4042 510 4089 omit
520 4038 640 4091 tradidit.
746 4035 797 4090 20.
812 4037 841 4091 E
855 4043 983 4104 prement.
1034 4039 1085 4093 ⁸0.
1098 4041 1128 4094 ll.
1142 4043 1201 4094 ome
1209 4041 1409 4094 incidentaliter.

341 4105 354 4140 ⁴
364 4105 395 4159 Ε.
408 4111 482 4159 aaut
492 4109 663 4176 temporibus.
746 4106 757 4143 ⁶
769 4108 796 4160 O.
811 4108 841 4160 Ε.
854 4110 910 4161 odd
920 4113 955 4162 ct
1096 4109 1148 4166 ⁶0.
1161 4112 1192 4163 E.
1205 4113 1260 4163 eald
1271 4113 1382 4164 cuidm.

295 4195 298 4239 l
344 4173 395 4229 ⁷0.
408 4177 439 4231 E
452 4179 507 4231 adal
518 4179 581 4246 ipse.
748 4175 799 4230 ⁸0.
812 4179 843 4230 lt.
857 4182 918 4230 erait
929 4178 994 4231 deus
1005 4179 1133 4233 dominus.
1170 4182 1202 4236 D.
1215 4185 1288 4234 cruta
1298 4184 1369 4238 deus.

342 4244 394 4299 ⁰0.
448 4251 547 4302 vestitu
559 4249 677 4303 candido.
738 4246 760 4282 ¹⁰
771 4249 801 4300 B.
816 4249 926 4301 dictum.
962 4249 991 4301 0.
1001 4249 1031 4301 u
1042 4253 1270 4320 omltpraedictum.

262 4365 270 4384 ,
332 4315 354 4350 ¹¹
367 4317 395 4370 G.
433 4321 508 4372 adol
519 4319 627 4374 Versus.
737 4315 760 4353 ¹⁸
771 4319 799 4372 O.
813 4319 843 4372 E
856 4319 1001 4387 Responsio
1012 4321 1087 4388 regis.

332 4385 354 4421 ¹⁸
367 4387 396 4444 B.
409 4389 437 4442 G.
452 4389 484 4443 D.
497 4391 528 4443 E
540 4391 634 4444 nescia
736 4387 758 4422 ¹⁴
770 4389 798 4444 (l.
812 4389 844 4442 D.
857 4389 888 4442 la
901 4390 1034 4448 convalui,
