<?xml version="1.0" encoding="UTF-8"?>
<!DOCTYPE html PUBLIC "-//W3C//DTD XHTML 1.0 Transitional//EN"
    "http://www.w3.org/TR/xhtml1/DTD/xhtml1-transitional.dtd">
<html xmlns="http://www.w3.org/1999/xhtml" xml:lang="en" lang="en">
 <head>
  <title>
</title>
<meta http-equiv="Content-Type" content="text/html;charset=utf-8" />
  <meta name='ocr-system' content='tesseract 3.04.00' />
  <meta name='ocr-capabilities' content='ocr_page ocr_carea ocr_par ocr_line ocrx_word'/>
</head>
<body>
  <div class='ocr_page' id='page_1' title='image "./liberpluscarden01skengoog_0063.png"; bbox 0 0 3254 5122; ppageno 0'>
   <div class='ocr_carea' id='block_1_1' title="bbox 652 483 1337 579">
    <p class='ocr_par' dir='ltr' id='par_1_1' title="bbox 652 483 1337 579">
     <span class='ocr_line' id='line_1_1' title="bbox 652 483 1337 579; baseline -0.007 0"><span class='ocrx_word' id='word_1_1' title='bbox 652 525 749 579; x_wconf 75' lang='lat' dir='ltr'><strong>mua</strong></span> <span class='ocrx_word' id='word_1_2' title='bbox 763 483 894 578; x_wconf 65' lang='lat' dir='ltr'><strong>sutus</strong></span> <span class='ocrx_word' id='word_1_3' title='bbox 1317 513 1337 574; x_wconf 70' lang='grc' dir='ltr'><strong>ὖ</strong></span> 
     </span>
    </p>
   </div>
   <div class='ocr_carea' id='block_1_2' title="bbox 207 679 1342 1662">
    <p class='ocr_par' dir='ltr' id='par_1_2' title="bbox 207 679 1342 1662">
     <span class='ocr_line' id='line_1_2' title="bbox 211 679 1342 770; baseline 0.003 -26"><span class='ocrx_word' id='word_1_4' title='bbox 211 682 245 744; x_wconf 85' lang='lat' dir='ltr'><strong>at</strong></span> <span class='ocrx_word' id='word_1_5' title='bbox 255 679 371 747; x_wconf 88' lang='lat' dir='ltr'><strong>deinde</strong></span> <span class='ocrx_word' id='word_1_6' title='bbox 384 680 612 748; x_wconf 82' lang='lat' dir='ltr'><strong>monesterium</strong></span> <span class='ocrx_word' id='word_1_7' title='bbox 625 682 842 770; x_wconf 74' lang='lat' dir='ltr'>gubernantis,</span> <span class='ocrx_word' id='word_1_8' title='bbox 852 683 1013 750; x_wconf 83' lang='lat' dir='ltr'><strong>oonfioete</strong></span> <span class='ocrx_word' id='word_1_9' title='bbox 1050 681 1210 750; x_wconf 83' lang='lat' dir='ltr'><strong>Ultimata</strong></span> <span class='ocrx_word' id='word_1_10' title='bbox 1221 701 1296 748; x_wconf 80' lang='lat' dir='ltr'><strong>vero</strong></span> <span class='ocrx_word' id='word_1_11' title='bbox 1306 685 1342 748; x_wconf 84' lang='lat' dir='ltr'><strong>at</strong></span> 
     </span>
     <span class='ocr_line' id='line_1_3' title="bbox 210 778 1341 868; baseline 0.004 -25"><span class='ocrx_word' id='word_1_12' title='bbox 210 778 248 842; x_wconf 93' lang='lat' dir='ltr'><strong>in</strong></span> <span class='ocrx_word' id='word_1_13' title='bbox 269 780 341 859; x_wconf 85' lang='lat' dir='ltr'><strong>fine,</strong></span> <span class='ocrx_word' id='word_1_14' title='bbox 362 786 435 846; x_wconf 82' lang='lat' dir='ltr'><strong>aeta</strong></span> <span class='ocrx_word' id='word_1_15' title='bbox 458 781 494 847; x_wconf 88' lang='lat' dir='ltr'><strong>in</strong></span> <span class='ocrx_word' id='word_1_16' title='bbox 519 787 662 868; x_wconf 88' lang='lat' dir='ltr'><strong>tempore</strong></span> <span class='ocrx_word' id='word_1_17' title='bbox 676 788 785 850; x_wconf 83' lang='lat' dir='ltr'><strong>nostro</strong></span> <span class='ocrx_word' id='word_1_18' title='bbox 810 782 1000 863; x_wconf 81' lang='lat' dir='ltr'><strong>aecidenaia,</strong></span> <span class='ocrx_word' id='word_1_19' title='bbox 1013 782 1139 848; x_wconf 86' lang='lat' dir='ltr'><strong>meliori</strong></span> <span class='ocrx_word' id='word_1_20' title='bbox 1159 780 1255 848; x_wconf 88' lang='lat' dir='ltr'><strong>modo</strong></span> <span class='ocrx_word' id='word_1_21' title='bbox 1276 800 1341 867; x_wconf 90' lang='lat' dir='ltr'><strong>quo</strong></span> 
     </span>
     <span class='ocr_line' id='line_1_4' title="bbox 209 879 1342 968; baseline 0.004 -25"><span class='ocrx_word' id='word_1_22' title='bbox 209 881 329 962; x_wconf 80' lang='lat' dir='ltr'><strong>potero,</strong></span> <span class='ocrx_word' id='word_1_23' title='bbox 344 879 485 947; x_wconf 87' lang='lat' dir='ltr'><strong>exolusis</strong></span> <span class='ocrx_word' id='word_1_24' title='bbox 505 881 677 948; x_wconf 86' lang='lat' dir='ltr'><strong>inutilibus</strong></span> <span class='ocrx_word' id='word_1_25' title='bbox 697 881 929 968; x_wconf 77' lang='lat' dir='ltr'><strong>nugationibus</strong></span> <span class='ocrx_word' id='word_1_26' title='bbox 951 901 988 948; x_wconf 88' lang='lat' dir='ltr'><strong>ao</strong></span> <span class='ocrx_word' id='word_1_27' title='bbox 1010 881 1112 948; x_wconf 86' lang='lat' dir='ltr'><strong>eoiam</strong></span> <span class='ocrx_word' id='word_1_28' title='bbox 1133 881 1342 948; x_wconf 76' lang='lat' dir='ltr'><strong>frustratoriis</strong></span> 
     </span>
     <span class='ocr_line' id='line_1_5' title="bbox 210 977 1342 1066; baseline 0.004 -25"><span class='ocrx_word' id='word_1_29' title='bbox 210 977 409 1045; x_wconf 72' lang='lat' dir='ltr'><strong>vanitatibus</strong></span> <span class='ocrx_word' id='word_1_30' title='bbox 433 979 475 1045; x_wconf 88' lang='lat' dir='ltr'><strong>ad</strong></span> <span class='ocrx_word' id='word_1_31' title='bbox 495 999 564 1046; x_wconf 88' lang='lat' dir='ltr'><strong>rem</strong></span> <span class='ocrx_word' id='word_1_32' title='bbox 588 1001 654 1047; x_wconf 90' lang='lat' dir='ltr'><strong>non</strong></span> <span class='ocrx_word' id='word_1_33' title='bbox 679 981 924 1066; x_wconf 84' lang='lat' dir='ltr'><strong>pertinentibus,</strong></span> <span class='ocrx_word' id='word_1_34' title='bbox 940 981 1111 1065; x_wconf 80' lang='lat' dir='ltr'><strong>inquinare,</strong></span> <span class='ocrx_word' id='word_1_35' title='bbox 1135 979 1282 1066; x_wconf 75' lang='lat' dir='ltr'><strong>colligere</strong></span> <span class='ocrx_word' id='word_1_36' title='bbox 1307 985 1342 1046; x_wconf 91' lang='lat' dir='ltr'><strong>et</strong></span> 
     </span>
     <span class='ocr_line' id='line_1_6' title="bbox 210 1079 1342 1165; baseline 0.003 -23"><span class='ocrx_word' id='word_1_37' title='bbox 210 1094 385 1156; x_wconf 74' lang='lat' dir='ltr'><strong>memorata</strong></span> <span class='ocrx_word' id='word_1_38' title='bbox 398 1083 432 1144; x_wconf 86' lang='lat' dir='ltr'><strong>et</strong></span> <span class='ocrx_word' id='word_1_39' title='bbox 452 1079 577 1158; x_wconf 82' lang='lat' dir='ltr'><strong>inferre,</strong></span> <span class='ocrx_word' id='word_1_40' title='bbox 592 1099 667 1146; x_wconf 86' lang='lat' dir='ltr'><strong>oum</strong></span> <span class='ocrx_word' id='word_1_41' title='bbox 681 1079 874 1165; x_wconf 86' lang='lat' dir='ltr'><strong>quibusdam</strong></span> <span class='ocrx_word' id='word_1_42' title='bbox 885 1080 958 1146; x_wconf 85' lang='lat' dir='ltr'><strong>aliis</strong></span> <span class='ocrx_word' id='word_1_43' title='bbox 972 1079 1098 1147; x_wconf 79' lang='lat' dir='ltr'><strong>notibus</strong></span> <span class='ocrx_word' id='word_1_44' title='bbox 1111 1079 1254 1145; x_wconf 79' lang='lat' dir='ltr'><strong>mirifieis</strong></span> <span class='ocrx_word' id='word_1_45' title='bbox 1268 1098 1342 1164; x_wconf 73' lang='lat' dir='ltr'><strong>quae</strong></span> 
     </span>
     <span class='ocr_line' id='line_1_7' title="bbox 207 1176 1341 1266; baseline 0.005 -26"><span class='ocrx_word' id='word_1_46' title='bbox 207 1181 268 1259; x_wconf 75' lang='lat' dir='ltr'><strong>‘ego</strong></span> <span class='ocrx_word' id='word_1_47' title='bbox 282 1176 340 1261; x_wconf 91' lang='lat' dir='ltr'><strong>qui</strong></span> <span class='ocrx_word' id='word_1_48' title='bbox 361 1177 466 1244; x_wconf 80' lang='lat' dir='ltr'><strong>scribo</strong></span> <span class='ocrx_word' id='word_1_49' title='bbox 485 1185 576 1246; x_wconf 84' lang='lat' dir='ltr'><strong>extra</strong></span> <span class='ocrx_word' id='word_1_50' title='bbox 596 1179 718 1246; x_wconf 84' lang='lat' dir='ltr'><strong>limites</strong></span> <span class='ocrx_word' id='word_1_51' title='bbox 738 1179 836 1264; x_wconf 86' lang='lat' dir='ltr'><strong>hujus</strong></span> <span class='ocrx_word' id='word_1_52' title='bbox 856 1179 947 1266; x_wconf 81' lang='lat' dir='ltr'><strong>regni</strong></span> <span class='ocrx_word' id='word_1_53' title='bbox 967 1179 1056 1259; x_wconf 83' lang='lat' dir='ltr'><strong>seiri,</strong></span> <span class='ocrx_word' id='word_1_54' title='bbox 1078 1179 1147 1245; x_wconf 86' lang='lat' dir='ltr'><strong>vidi</strong></span> <span class='ocrx_word' id='word_1_55' title='bbox 1168 1184 1202 1245; x_wconf 90' lang='lat' dir='ltr'><strong>et</strong></span> <span class='ocrx_word' id='word_1_56' title='bbox 1221 1177 1341 1246; x_wconf 83' lang='lat' dir='ltr'><strong>audivi.</strong></span> 
     </span>
     <span class='ocr_line' id='line_1_8' title="bbox 210 1269 1342 1368; baseline 0.003 -29"><span class='ocrx_word' id='word_1_57' title='bbox 210 1269 297 1340; x_wconf 83' lang='lat' dir='ltr'><strong>Item</strong></span> <span class='ocrx_word' id='word_1_58' title='bbox 317 1281 478 1361; x_wconf 85' lang='lat' dir='ltr'><strong>postremo</strong></span> <span class='ocrx_word' id='word_1_59' title='bbox 500 1277 540 1343; x_wconf 93' lang='lat' dir='ltr'><strong>de</strong></span> <span class='ocrx_word' id='word_1_60' title='bbox 561 1277 700 1363; x_wconf 85' lang='lat' dir='ltr'><strong>quadam</strong></span> <span class='ocrx_word' id='word_1_61' title='bbox 717 1278 827 1363; x_wconf 84' lang='lat' dir='ltr'><strong>puella</strong></span> <span class='ocrx_word' id='word_1_62' title='bbox 847 1278 988 1344; x_wconf 88' lang='lat' dir='ltr'><strong>mirabili</strong></span> <span class='ocrx_word' id='word_1_63' title='bbox 1009 1299 1082 1364; x_wconf 81' lang='lat' dir='ltr'><strong>qnae</strong></span> <span class='ocrx_word' id='word_1_64' title='bbox 1103 1297 1199 1344; x_wconf 81' lang='lat' dir='ltr'><strong>eausa</strong></span> <span class='ocrx_word' id='word_1_65' title='bbox 1212 1275 1276 1368; x_wconf 80' lang='lat' dir='ltr'><strong>fuit</strong></span> <span class='ocrx_word' id='word_1_66' title='bbox 1292 1297 1342 1342; x_wconf 83' lang='lat' dir='ltr'><strong>re·</strong></span> 
     </span>
     <span class='ocr_line' id='line_1_9' title="bbox 210 1375 1341 1462; baseline 0.004 -24"><span class='ocrx_word' id='word_1_67' title='bbox 210 1375 431 1458; x_wconf 86' lang='lat' dir='ltr'><strong>euperacionis</strong></span> <span class='ocrx_word' id='word_1_68' title='bbox 451 1376 542 1462; x_wconf 82' lang='lat' dir='ltr'><strong>regni</strong></span> <span class='ocrx_word' id='word_1_69' title='bbox 562 1376 706 1442; x_wconf 81' lang='lat' dir='ltr'><strong>Franoiae</strong></span> <span class='ocrx_word' id='word_1_70' title='bbox 727 1376 768 1443; x_wconf 88' lang='lat' dir='ltr'><strong>de</strong></span> <span class='ocrx_word' id='word_1_71' title='bbox 788 1377 936 1443; x_wconf 86' lang='lat' dir='ltr'><strong>mambus</strong></span> <span class='ocrx_word' id='word_1_72' title='bbox 958 1377 1094 1444; x_wconf 86' lang='lat' dir='ltr'><strong>Henrioi</strong></span> <span class='ocrx_word' id='word_1_73' title='bbox 1114 1376 1234 1443; x_wconf 84' lang='lat' dir='ltr'><strong>tiranni</strong></span> <span class='ocrx_word' id='word_1_74' title='bbox 1258 1375 1341 1461; x_wconf 82' lang='lat' dir='ltr'><strong>regis</strong></span> 
     </span>
     <span class='ocr_line' id='line_1_10' title="bbox 208 1467 1342 1562; baseline 0.004 -26"><span class='ocrx_word' id='word_1_75' title='bbox 208 1467 346 1557; x_wconf 61' lang='lat' dir='ltr'><strong>‘Angliaa</strong></span> <span class='ocrx_word' id='word_1_76' title='bbox 359 1495 458 1559; x_wconf 86' lang='lat' dir='ltr'><strong>quam</strong></span> <span class='ocrx_word' id='word_1_77' title='bbox 475 1475 553 1554; x_wconf 89' lang='lat' dir='ltr'><strong>vidi,</strong></span> <span class='ocrx_word' id='word_1_78' title='bbox 567 1477 644 1542; x_wconf 90' lang='lat' dir='ltr'><strong>novi</strong></span> <span class='ocrx_word' id='word_1_79' title='bbox 665 1481 795 1543; x_wconf 77' lang='lat' dir='ltr'><strong>etcum</strong></span> <span class='ocrx_word' id='word_1_80' title='bbox 816 1497 854 1542; x_wconf 91' lang='lat' dir='ltr'><strong>ea</strong></span> <span class='ocrx_word' id='word_1_81' title='bbox 875 1475 924 1541; x_wconf 77' lang='lat' dir='ltr'><strong>fui</strong></span> <span class='ocrx_word' id='word_1_82' title='bbox 948 1475 984 1542; x_wconf 91' lang='lat' dir='ltr'><strong>in</strong></span> <span class='ocrx_word' id='word_1_83' title='bbox 1008 1475 1140 1562; x_wconf 72' lang='lat' dir='ltr'><strong>queatis</strong></span> <span class='ocrx_word' id='word_1_84' title='bbox 1164 1475 1233 1542; x_wconf 91' lang='lat' dir='ltr'><strong>suis</strong></span> <span class='ocrx_word' id='word_1_85' title='bbox 1247 1475 1342 1541; x_wconf 80' lang='lat' dir='ltr'><strong>diotae</strong></span> 
     </span>
     <span class='ocr_line' id='line_1_11' title="bbox 211 1571 1325 1662; baseline 0.004 -25"><span class='ocrx_word' id='word_1_86' title='bbox 211 1573 482 1658; x_wconf 74' lang='lat' dir='ltr'><strong>meupemoionis3</strong></span> <span class='ocrx_word' id='word_1_87' title='bbox 502 1595 605 1661; x_wconf 87' lang='lat' dir='ltr'><strong>usque</strong></span> <span class='ocrx_word' id='word_1_88' title='bbox 618 1575 660 1641; x_wconf 86' lang='lat' dir='ltr'><strong>ad</strong></span> <span class='ocrx_word' id='word_1_89' title='bbox 673 1575 771 1642; x_wconf 86' lang='lat' dir='ltr'><strong>finam</strong></span> <span class='ocrx_word' id='word_1_90' title='bbox 784 1575 862 1642; x_wconf 74' lang='lat' dir='ltr'><strong>vita</strong></span> <span class='ocrx_word' id='word_1_91' title='bbox 875 1595 942 1642; x_wconf 79' lang='lat' dir='ltr'><strong>suae</strong></span> <span class='ocrx_word' id='word_1_92' title='bbox 955 1595 1095 1662; x_wconf 71' lang='lat' dir='ltr'><strong>presens</strong></span> <span class='ocrx_word' id='word_1_93' title='bbox 1109 1571 1252 1656; x_wconf 81' lang='lat' dir='ltr'><strong>interfui,</strong></span> <span class='ocrx_word' id='word_1_94' title='bbox 1265 1577 1325 1641; x_wconf 79' lang='lat' dir='ltr'><strong>eta</strong></span> 
     </span>
    </p>
   </div>
   <div class='ocr_carea' id='block_1_3' title="bbox 214 1995 1343 2188">
    <p class='ocr_par' dir='ltr' id='par_1_3' title="bbox 214 1995 1343 2188">
     <span class='ocr_line' id='line_1_12' title="bbox 214 1995 1343 2087; baseline 0.004 -20"><span class='ocrx_word' id='word_1_95' title='bbox 214 1997 329 2087; x_wconf 63' lang='lat' dir='ltr'><strong>[gite</strong></span> <span class='ocrx_word' id='word_1_96' title='bbox 349 1997 490 2083; x_wconf 69' lang='lat' dir='ltr'><strong>quintas</strong></span> <span class='ocrx_word' id='word_1_97' title='bbox 509 1998 543 2069; x_wconf 78' lang='lat' dir='ltr'><strong>st</strong></span> <span class='ocrx_word' id='word_1_98' title='bbox 561 1997 699 2084; x_wconf 50' lang='lat' dir='ltr'><strong>aaut</strong></span> <span class='ocrx_word' id='word_1_99' title='bbox 715 1995 947 2084; x_wconf 70' lang='grc' dir='ltr'>ιιεὶιωιίιιιίιι</span> <span class='ocrx_word' id='word_1_100' title='bbox 963 1997 1044 2070; x_wconf 77' lang='lat' dir='ltr'><strong>libri</strong></span> <span class='ocrx_word' id='word_1_101' title='bbox 1064 1997 1150 2070; x_wconf 69' lang='lat' dir='ltr'><strong>aaa</strong></span> <span class='ocrx_word' id='word_1_102' title='bbox 1169 1995 1343 2084; x_wconf 62' lang='lat' dir='ltr'><strong>satana</strong></span> 
     </span>
     <span class='ocr_line' id='line_1_13' title="bbox 298 2097 1007 2188; baseline 0.003 -22"><span class='ocrx_word' id='word_1_103' title='bbox 298 2097 337 2166; x_wconf 71' lang='lat' dir='ltr'><strong>a</strong></span> <span class='ocrx_word' id='word_1_104' title='bbox 350 2097 488 2182; x_wconf 59' lang='lat' dir='ltr'><strong>aaran</strong></span> <span class='ocrx_word' id='word_1_105' title='bbox 500 2097 538 2167; x_wconf 69' lang='lat' dir='ltr'><strong>aa</strong></span> <span class='ocrx_word' id='word_1_106' title='bbox 553 2097 610 2167; x_wconf 57' lang='lat' dir='ltr'><strong>aa</strong></span> <span class='ocrx_word' id='word_1_107' title='bbox 623 2098 762 2168; x_wconf 59' lang='lat' dir='ltr'><strong>aaut</strong></span> <span class='ocrx_word' id='word_1_108' title='bbox 774 2097 1007 2188; x_wconf 59' lang='lat' dir='ltr'><strong>ammae]</strong></span> 
     </span>
    </p>
   </div>
   <div class='ocr_carea' id='block_1_4' title="bbox 227 2279 1328 2370">
    <p class='ocr_par' dir='ltr' id='par_1_4' title="bbox 227 2279 1328 2370">
     <span class='ocr_line' id='line_1_14' title="bbox 227 2279 1328 2370; baseline -0.001 -19"><span class='ocrx_word' id='word_1_109' title='bbox 227 2280 300 2370; x_wconf 42' lang='lat' dir='ltr'><strong>[bob</strong></span> <span class='ocrx_word' id='word_1_110' title='bbox 315 2281 410 2351; x_wconf 71' lang='lat' dir='ltr'><strong>fiatur</strong></span> <span class='ocrx_word' id='word_1_111' title='bbox 423 2281 560 2368; x_wconf 60' lang='lat' dir='ltr'><strong>unitati</strong></span> <span class='ocrx_word' id='word_1_112' title='bbox 572 2281 798 2366; x_wconf 59' lang='lat' dir='ltr'><strong>natabant</strong></span> <span class='ocrx_word' id='word_1_113' title='bbox 811 2280 892 2350; x_wconf 75' lang='lat' dir='ltr'><strong>libri</strong></span> <span class='ocrx_word' id='word_1_114' title='bbox 905 2281 990 2352; x_wconf 65' lang='lat' dir='ltr'><strong>aaa</strong></span> <span class='ocrx_word' id='word_1_115' title='bbox 1003 2281 1149 2368; x_wconf 54' lang='lat' dir='ltr'><strong>aaudiat</strong></span> <span class='ocrx_word' id='word_1_116' title='bbox 1163 2283 1200 2352; x_wconf 80' lang='lat' dir='ltr'><strong>at</strong></span> <span class='ocrx_word' id='word_1_117' title='bbox 1214 2279 1328 2368; x_wconf 72' lang='lat' dir='ltr'><strong>inira]</strong></span> 
     </span>
    </p>
   </div>
   <div class='ocr_carea' id='block_1_5' title="bbox 210 2431 1344 3818">
    <p class='ocr_par' dir='ltr' id='par_1_5' title="bbox 210 2431 1344 3818">
     <span class='ocr_line' id='line_1_15' title="bbox 213 2431 1344 2520; baseline 0 -23"><span class='ocrx_word' id='word_1_118' title='bbox 213 2433 336 2512; x_wconf 81' lang='lat' dir='ltr'>ITEM,</span> <span class='ocrx_word' id='word_1_119' title='bbox 356 2432 535 2499; x_wconf 79' lang='lat' dir='ltr'><strong>notandum</strong></span> <span class='ocrx_word' id='word_1_120' title='bbox 556 2432 713 2518; x_wconf 87' lang='lat' dir='ltr'><strong>estquod</strong></span> <span class='ocrx_word' id='word_1_121' title='bbox 732 2431 796 2498; x_wconf 82' lang='lat' dir='ltr'><strong>ista</strong></span> <span class='ocrx_word' id='word_1_122' title='bbox 816 2431 925 2498; x_wconf 87' lang='lat' dir='ltr'><strong>omnia</strong></span> <span class='ocrx_word' id='word_1_123' title='bbox 940 2431 1156 2518; x_wconf 79' lang='lat' dir='ltr'><strong>suprascripta</strong></span> <span class='ocrx_word' id='word_1_124' title='bbox 1175 2437 1266 2520; x_wconf 81' lang='lat' dir='ltr'><strong>gesta</strong></span> <span class='ocrx_word' id='word_1_125' title='bbox 1285 2451 1344 2518; x_wconf 86' lang='lat' dir='ltr'><strong>per</strong></span> 
     </span>
     <span class='ocr_line' id='line_1_16' title="bbox 212 2517 1343 2598; baseline -0.002 -12"><span class='ocrx_word' id='word_1_126' title='bbox 212 2519 367 2586; x_wconf 87' lang='lat' dir='ltr'><strong>nobilem1</strong></span> <span class='ocrx_word' id='word_1_127' title='bbox 382 2526 415 2586; x_wconf 91' lang='lat' dir='ltr'><strong>et</strong></span> <span class='ocrx_word' id='word_1_128' title='bbox 436 2519 610 2586; x_wconf 80' lang='lat' dir='ltr'><strong>discretum</strong></span> <span class='ocrx_word' id='word_1_129' title='bbox 631 2518 791 2598; x_wconf 78' lang='lat' dir='ltr'><strong>alaricum,</strong></span> <span class='ocrx_word' id='word_1_130' title='bbox 811 2518 979 2585; x_wconf 89' lang='lat' dir='ltr'><strong>dominum</strong></span> <span class='ocrx_word' id='word_1_131' title='bbox 1000 2517 1183 2585; x_wconf 81' lang='lat' dir='ltr'><strong>Johannem</strong></span> <span class='ocrx_word' id='word_1_132' title='bbox 1205 2519 1245 2586; x_wconf 88' lang='lat' dir='ltr'><strong>de</strong></span> <span class='ocrx_word' id='word_1_133' title='bbox 1265 2519 1343 2584; x_wconf 84' lang='lat' dir='ltr'><strong>For-</strong></span> 
     </span>
     <span class='ocr_line' id='line_1_17' title="bbox 212 2603 1343 2691; baseline 0 -19"><span class='ocrx_word' id='word_1_134' title='bbox 212 2607 309 2685; x_wconf 89' lang='lat' dir='ltr'><strong>doun,</strong></span> <span class='ocrx_word' id='word_1_135' title='bbox 323 2605 457 2672; x_wconf 86' lang='lat' dir='ltr'><strong>oolleota</strong></span> <span class='ocrx_word' id='word_1_136' title='bbox 478 2612 555 2672; x_wconf 90' lang='lat' dir='ltr'><strong>sunt</strong></span> <span class='ocrx_word' id='word_1_137' title='bbox 576 2611 609 2672; x_wconf 87' lang='lat' dir='ltr'><strong>et</strong></span> <span class='ocrx_word' id='word_1_138' title='bbox 630 2606 821 2691; x_wconf 81' lang='lat' dir='ltr'><strong>compilata3</strong></span> <span class='ocrx_word' id='word_1_139' title='bbox 842 2603 969 2671; x_wconf 73' lang='lat' dir='ltr'><strong>aaetera’</strong></span> <span class='ocrx_word' id='word_1_140' title='bbox 983 2605 1153 2690; x_wconf 87' lang='lat' dir='ltr'><strong>sequanoia</strong></span> <span class='ocrx_word' id='word_1_141' title='bbox 1171 2625 1229 2690; x_wconf 86' lang='lat' dir='ltr'><strong>per</strong></span> <span class='ocrx_word' id='word_1_142' title='bbox 1246 2625 1343 2672; x_wconf 84' lang='lat' dir='ltr'><strong>vena·</strong></span> 
     </span>
     <span class='ocr_line' id='line_1_18' title="bbox 214 2691 1342 2778; baseline 0 -20"><span class='ocrx_word' id='word_1_143' title='bbox 214 2692 348 2759; x_wconf 77' lang='lat' dir='ltr'><strong>rabilem</strong></span> <span class='ocrx_word' id='word_1_144' title='bbox 361 2699 494 2778; x_wconf 81' lang='lat' dir='ltr'><strong>patrem,</strong></span> <span class='ocrx_word' id='word_1_145' title='bbox 506 2692 687 2759; x_wconf 84' lang='lat' dir='ltr'><strong>dominum⁸</strong></span> <span class='ocrx_word' id='word_1_146' title='bbox 697 2693 846 2758; x_wconf 77' lang='lat' dir='ltr'><strong>abbatem</strong></span> <span class='ocrx_word' id='word_1_147' title='bbox 861 2692 901 2758; x_wconf 89' lang='lat' dir='ltr'><strong>de</strong></span> <span class='ocrx_word' id='word_1_148' title='bbox 916 2691 1029 2758; x_wconf 76' lang='lat' dir='ltr'><strong>Insuh</strong></span> <span class='ocrx_word' id='word_1_149' title='bbox 1043 2691 1153 2758; x_wconf 78' lang='lat' dir='ltr'><strong>Sancti</strong></span> <span class='ocrx_word' id='word_1_150' title='bbox 1167 2691 1342 2772; x_wconf 85' lang='lat' dir='ltr'><strong>Golumboe,</strong></span> 
     </span>
     <span class='ocr_line' id='line_1_19' title="bbox 212 2777 1342 2880; baseline 0.002 -36"><span class='ocrx_word' id='word_1_151' title='bbox 212 2777 320 2864; x_wconf 91' lang='lat' dir='ltr'><strong>quiin</strong></span> <span class='ocrx_word' id='word_1_152' title='bbox 332 2785 476 2880; x_wconf 78' lang='lat' dir='ltr'><strong>tempore</strong></span> <span class='ocrx_word' id='word_1_153' title='bbox 491 2801 549 2846; x_wconf 87' lang='lat' dir='ltr'><strong>suo</strong></span> <span class='ocrx_word' id='word_1_154' title='bbox 563 2779 669 2846; x_wconf 85' lang='lat' dir='ltr'><strong>dietus</strong></span> <span class='ocrx_word' id='word_1_155' title='bbox 684 2783 734 2845; x_wconf 87' lang='lat' dir='ltr'><strong>est</strong></span> <span class='ocrx_word' id='word_1_156' title='bbox 748 2778 908 2864; x_wconf 85' lang='lat' dir='ltr'><strong>dompnus</strong></span> <span class='ocrx_word' id='word_1_157' title='bbox 921 2777 1085 2844; x_wconf 87' lang='lat' dir='ltr'><strong>Walterus</strong></span> <span class='ocrx_word' id='word_1_158' title='bbox 1099 2779 1242 2858; x_wconf 75' lang='lat' dir='ltr'><strong>Bonrar,</strong></span> <span class='ocrx_word' id='word_1_159' title='bbox 1257 2779 1342 2846; x_wconf 83' lang='lat' dir='ltr'><strong>sieut</strong></span> 
     </span>
     <span class='ocr_line' id='line_1_20' title="bbox 212 2865 1342 2952; baseline -0.001 -20"><span class='ocrx_word' id='word_1_160' title='bbox 212 2866 388 2950; x_wconf 82' lang='lat' dir='ltr'><strong>reperimus</strong></span> <span class='ocrx_word' id='word_1_161' title='bbox 399 2887 434 2931; x_wconf 89' lang='grc' dir='ltr'><strong>ιιι</strong></span> <span class='ocrx_word' id='word_1_162' title='bbox 446 2866 570 2952; x_wconf 78' lang='lat' dir='ltr'><strong>magnis</strong></span> <span class='ocrx_word' id='word_1_163' title='bbox 586 2865 729 2933; x_wconf 85' lang='lat' dir='ltr'><strong>Oroniois</strong></span> <span class='ocrx_word' id='word_1_164' title='bbox 743 2871 1081 2950; x_wconf 85' lang='lat' dir='ltr'><strong>notatum,-·quon1m</strong></span> <span class='ocrx_word' id='word_1_165' title='bbox 1092 2866 1206 2932; x_wconf 78' lang='lat' dir='ltr'><strong>anima</strong></span> <span class='ocrx_word' id='word_1_166' title='bbox 1217 2865 1254 2931; x_wconf 91' lang='lat' dir='ltr'><strong>in</strong></span> <span class='ocrx_word' id='word_1_167' title='bbox 1263 2885 1342 2952; x_wconf 86' lang='lat' dir='ltr'><strong>paee</strong></span> 
     </span>
     <span class='ocr_line' id='line_1_21' title="bbox 213 2951 1342 3039; baseline 0.002 -22"><span class='ocrx_word' id='word_1_168' title='bbox 213 2953 431 3037; x_wconf 87' lang='lat' dir='ltr'><strong>requiesoant;</strong></span> <span class='ocrx_word' id='word_1_169' title='bbox 460 2958 494 3018; x_wconf 88' lang='lat' dir='ltr'><strong>et</strong></span> <span class='ocrx_word' id='word_1_170' title='bbox 513 2952 574 3019; x_wconf 85' lang='lat' dir='ltr'><strong>hoo</strong></span> <span class='ocrx_word' id='word_1_171' title='bbox 596 2953 760 3039; x_wconf 75' lang='lat' dir='ltr'><strong>signanter</strong></span> <span class='ocrx_word' id='word_1_172' title='bbox 783 2973 886 3037; x_wconf 89' lang='lat' dir='ltr'><strong>usque</strong></span> <span class='ocrx_word' id='word_1_173' title='bbox 907 2952 949 3017; x_wconf 87' lang='lat' dir='ltr'><strong>ad</strong></span> <span class='ocrx_word' id='word_1_174' title='bbox 969 2957 1098 3037; x_wconf 84' lang='lat' dir='ltr'><strong>tempus</strong></span> <span class='ocrx_word' id='word_1_175' title='bbox 1119 2953 1202 3038; x_wconf 82' lang='lat' dir='ltr'><strong>regia</strong></span> <span class='ocrx_word' id='word_1_176' title='bbox 1226 2951 1342 3019; x_wconf 82' lang='lat' dir='ltr'><strong>Jaoobi</strong></span> 
     </span>
     <span class='ocr_line' id='line_1_22' title="bbox 213 3039 1343 3124; baseline 0.001 -20"><span class='ocrx_word' id='word_1_177' title='bbox 213 3039 346 3104; x_wconf 62' lang='lat' dir='ltr'><strong>meandi</strong></span> <span class='ocrx_word' id='word_1_178' title='bbox 367 3039 466 3124; x_wconf 89' lang='lat' dir='ltr'><strong>hujus</strong></span> <span class='ocrx_word' id='word_1_179' title='bbox 487 3039 635 3106; x_wconf 76' lang='lat' dir='ltr'><strong>nominis</strong></span> <span class='ocrx_word' id='word_1_180' title='bbox 678 3039 730 3105; x_wconf 90' lang='lat' dir='ltr'><strong>De</strong></span> <span class='ocrx_word' id='word_1_181' title='bbox 751 3039 879 3104; x_wconf 84' lang='lat' dir='ltr'><strong>residuo</strong></span> <span class='ocrx_word' id='word_1_182' title='bbox 899 3059 983 3117; x_wconf 80' lang='lat' dir='ltr'><strong>uero,</strong></span> <span class='ocrx_word' id='word_1_183' title='bbox 1001 3039 1074 3124; x_wconf 90' lang='lat' dir='ltr'><strong>quis</strong></span> <span class='ocrx_word' id='word_1_184' title='bbox 1095 3059 1134 3106; x_wconf 88' lang='lat' dir='ltr'><strong>aa</strong></span> <span class='ocrx_word' id='word_1_185' title='bbox 1155 3039 1343 3124; x_wconf 79' lang='lat' dir='ltr'><strong>compilabit</strong></span> 
     </span>
     <span class='ocr_line' id='line_1_23' title="bbox 212 3124 1342 3212; baseline -0.002 -21"><span class='ocrx_word' id='word_1_186' title='bbox 212 3125 332 3192; x_wconf 82' lang='lat' dir='ltr'><strong>scietur</strong></span> <span class='ocrx_word' id='word_1_187' title='bbox 344 3126 380 3190; x_wconf 92' lang='lat' dir='ltr'><strong>in</strong></span> <span class='ocrx_word' id='word_1_188' title='bbox 394 3127 458 3192; x_wconf 89' lang='lat' dir='ltr'><strong>fine</strong></span> <span class='ocrx_word' id='word_1_189' title='bbox 472 3125 569 3210; x_wconf 87' lang='lat' dir='ltr'><strong>hujus</strong></span> <span class='ocrx_word' id='word_1_190' title='bbox 582 3125 749 3210; x_wconf 70' lang='lat' dir='ltr'><strong>prasentia</strong></span> <span class='ocrx_word' id='word_1_191' title='bbox 763 3125 857 3205; x_wconf 86' lang='lat' dir='ltr'><strong>libri;</strong></span> <span class='ocrx_word' id='word_1_192' title='bbox 879 3124 1010 3210; x_wconf 84' lang='lat' dir='ltr'><strong>quiade</strong></span> <span class='ocrx_word' id='word_1_193' title='bbox 1024 3125 1141 3192; x_wconf 82' lang='lat' dir='ltr'><strong>futuris</strong></span> <span class='ocrx_word' id='word_1_194' title='bbox 1156 3127 1342 3212; x_wconf 74' lang='lat' dir='ltr'><strong>contingen-</strong></span> 
     </span>
     <span class='ocr_line' id='line_1_24' title="bbox 212 3211 1343 3290; baseline 0 -13"><span class='ocrx_word' id='word_1_195' title='bbox 212 3213 301 3277; x_wconf 86' lang='lat' dir='ltr'><strong>tibus</strong></span> <span class='ocrx_word' id='word_1_196' title='bbox 323 3233 388 3278; x_wconf 90' lang='lat' dir='ltr'><strong>non</strong></span> <span class='ocrx_word' id='word_1_197' title='bbox 412 3218 463 3279; x_wconf 86' lang='lat' dir='ltr'><strong>est</strong></span> <span class='ocrx_word' id='word_1_198' title='bbox 481 3212 694 3277; x_wconf 85' lang='lat' dir='ltr'><strong>determinata</strong></span> <span class='ocrx_word' id='word_1_199' title='bbox 715 3212 856 3278; x_wconf 72' lang='lat' dir='ltr'><strong>ueritas.⁴</strong></span> <span class='ocrx_word' id='word_1_200' title='bbox 898 3213 975 3276; x_wconf 86' lang='lat' dir='ltr'><strong>Non</strong></span> <span class='ocrx_word' id='word_1_201' title='bbox 996 3211 1164 3290; x_wconf 86' lang='lat' dir='ltr'><strong>mireris,o</strong></span> <span class='ocrx_word' id='word_1_202' title='bbox 1185 3211 1294 3290; x_wconf 81' lang='lat' dir='ltr'><strong>laetor,</strong></span> <span class='ocrx_word' id='word_1_203' title='bbox 1313 3211 1343 3284; x_wconf 88' lang='lat' dir='ltr'><strong>si</strong></span> 
     </span>
     <span class='ocr_line' id='line_1_25' title="bbox 212 3297 1342 3399; baseline 0 -35"><span class='ocrx_word' id='word_1_204' title='bbox 212 3299 412 3365; x_wconf 89' lang='lat' dir='ltr'><strong>diversorum</strong></span> <span class='ocrx_word' id='word_1_205' title='bbox 432 3305 581 3365; x_wconf 86' lang='lat' dir='ltr'><strong>autorum</strong></span> <span class='ocrx_word' id='word_1_206' title='bbox 603 3303 636 3364; x_wconf 88' lang='lat' dir='ltr'><strong>at</strong></span> <span class='ocrx_word' id='word_1_207' title='bbox 656 3297 938 3384; x_wconf 85' lang='lat' dir='ltr'><strong>oronigraphornm</strong></span> <span class='ocrx_word' id='word_1_208' title='bbox 959 3297 995 3362; x_wconf 94' lang='lat' dir='ltr'><strong>in</strong></span> <span class='ocrx_word' id='word_1_209' title='bbox 1016 3297 1166 3399; x_wconf 74' lang='lat' dir='ltr'><strong>prasenti</strong></span> <span class='ocrx_word' id='word_1_210' title='bbox 1187 3297 1342 3384; x_wconf 80' lang='lat' dir='ltr'><strong>opusculo</strong></span> 
     </span>
     <span class='ocr_line' id='line_1_26' title="bbox 212 3383 1343 3471; baseline 0 -21"><span class='ocrx_word' id='word_1_211' title='bbox 212 3385 253 3451; x_wconf 89' lang='lat' dir='ltr'><strong>de</strong></span> <span class='ocrx_word' id='word_1_212' title='bbox 282 3385 394 3451; x_wconf 89' lang='lat' dir='ltr'><strong>eadem</strong></span> <span class='ocrx_word' id='word_1_213' title='bbox 422 3385 624 3452; x_wconf 89' lang='lat' dir='ltr'><strong>nobilissima</strong></span> <span class='ocrx_word' id='word_1_214' title='bbox 658 3405 769 3471; x_wconf 81' lang='lat' dir='ltr'><strong>regum</strong></span> <span class='ocrx_word' id='word_1_215' title='bbox 796 3385 946 3470; x_wconf 78' lang='lat' dir='ltr'><strong>prosapia</strong></span> <span class='ocrx_word' id='word_1_216' title='bbox 977 3383 1156 3468; x_wconf 78' lang='lat' dir='ltr'><strong>oprnionas⁸</strong></span> <span class='ocrx_word' id='word_1_217' title='bbox 1177 3386 1343 3471; x_wconf 71' lang='lat' dir='ltr'><strong>scriptura</strong></span> 
     </span>
     <span class='ocr_line' id='line_1_27' title="bbox 212 3469 1343 3540; baseline -0.002 -2"><span class='ocrx_word' id='word_1_218' title='bbox 212 3471 382 3538; x_wconf 85' lang='lat' dir='ltr'><strong>inserendo</strong></span> <span class='ocrx_word' id='word_1_219' title='bbox 402 3472 529 3538; x_wconf 88' lang='lat' dir='ltr'><strong>duobus</strong></span> <span class='ocrx_word' id='word_1_220' title='bbox 549 3471 604 3537; x_wconf 84' lang='lat' dir='ltr'><strong>vel</strong></span> <span class='ocrx_word' id='word_1_221' title='bbox 625 3471 729 3538; x_wconf 88' lang='lat' dir='ltr'><strong>tribus</strong></span> <span class='ocrx_word' id='word_1_222' title='bbox 750 3471 876 3537; x_wconf 82' lang='lat' dir='ltr'><strong>vicibus</strong></span> <span class='ocrx_word' id='word_1_223' title='bbox 901 3469 1093 3538; x_wconf 81' lang='lat' dir='ltr'><strong>recitentur:</strong></span> <span class='ocrx_word' id='word_1_224' title='bbox 1122 3471 1208 3540; x_wconf 86' lang='lat' dir='ltr'><strong>Nam</strong></span> <span class='ocrx_word' id='word_1_225' title='bbox 1229 3491 1343 3538; x_wconf 85' lang='lat' dir='ltr'><strong>seeun-</strong></span> 
     </span>
     <span class='ocr_line' id='line_1_28' title="bbox 212 3555 1343 3643; baseline -0.001 -18"><span class='ocrx_word' id='word_1_226' title='bbox 212 3557 291 3625; x_wconf 89' lang='lat' dir='ltr'><strong>dum</strong></span> <span class='ocrx_word' id='word_1_227' title='bbox 316 3559 392 3643; x_wconf 86' lang='lat' dir='ltr'><strong>jura</strong></span> <span class='ocrx_word' id='word_1_228' title='bbox 418 3559 533 3624; x_wconf 84' lang='lat' dir='ltr'><strong>foraior</strong></span> <span class='ocrx_word' id='word_1_229' title='bbox 560 3564 610 3624; x_wconf 90' lang='lat' dir='ltr'><strong>est</strong></span> <span class='ocrx_word' id='word_1_230' title='bbox 631 3558 795 3624; x_wconf 74' lang='lat' dir='ltr'><strong>sentencia</strong></span> <span class='ocrx_word' id='word_1_231' title='bbox 823 3577 895 3642; x_wconf 75' lang='lat' dir='ltr'><strong>quas</strong></span> <span class='ocrx_word' id='word_1_232' title='bbox 923 3555 1137 3642; x_wconf 86' lang='lat' dir='ltr'><strong>plurimorum</strong></span> <span class='ocrx_word' id='word_1_233' title='bbox 1164 3555 1343 3624; x_wconf 72' lang='lat' dir='ltr'><strong>autoribus⁸</strong></span> 
     </span>
     <span class='ocr_line' id='line_1_29' title="bbox 212 3643 1342 3731; baseline 0.002 -21"><span class='ocrx_word' id='word_1_234' title='bbox 212 3646 415 3730; x_wconf 81' lang='lat' dir='ltr'><strong>approbatur,</strong></span> <span class='ocrx_word' id='word_1_235' title='bbox 426 3646 511 3712; x_wconf 86' lang='lat' dir='ltr'><strong>siout</strong></span> <span class='ocrx_word' id='word_1_236' title='bbox 531 3645 567 3710; x_wconf 93' lang='lat' dir='ltr'><strong>in</strong></span> <span class='ocrx_word' id='word_1_237' title='bbox 589 3644 754 3731; x_wconf 82' lang='lat' dir='ltr'><strong>evangalio</strong></span> <span class='ocrx_word' id='word_1_238' title='bbox 768 3644 873 3711; x_wconf 83' lang='lat' dir='ltr'><strong>Jheeu</strong></span> <span class='ocrx_word' id='word_1_239' title='bbox 888 3643 1011 3712; x_wconf 81' lang='lat' dir='ltr'><strong>Christi</strong></span> <span class='ocrx_word' id='word_1_240' title='bbox 1024 3665 1090 3710; x_wconf 89' lang='lat' dir='ltr'><strong>una</strong></span> <span class='ocrx_word' id='word_1_241' title='bbox 1104 3651 1137 3711; x_wconf 85' lang='lat' dir='ltr'><strong>et</strong></span> <span class='ocrx_word' id='word_1_242' title='bbox 1151 3645 1261 3712; x_wconf 87' lang='lat' dir='ltr'><strong>eadem</strong></span> <span class='ocrx_word' id='word_1_243' title='bbox 1275 3645 1342 3712; x_wconf 82' lang='lat' dir='ltr'><strong>bia-</strong></span> 
     </span>
     <span class='ocr_line' id='line_1_30' title="bbox 210 3729 972 3818; baseline 0 -22"><span class='ocrx_word' id='word_1_244' title='bbox 210 3731 293 3797; x_wconf 81' lang='lat' dir='ltr'><strong>toria</strong></span> <span class='ocrx_word' id='word_1_245' title='bbox 306 3752 364 3818; x_wconf 87' lang='lat' dir='ltr'><strong>per</strong></span> <span class='ocrx_word' id='word_1_246' title='bbox 377 3739 517 3818; x_wconf 86' lang='lat' dir='ltr'><strong>quatuor</strong></span> <span class='ocrx_word' id='word_1_247' title='bbox 531 3731 743 3817; x_wconf 81' lang='lat' dir='ltr'><strong>evangelistae</strong></span> <span class='ocrx_word' id='word_1_248' title='bbox 757 3729 972 3817; x_wconf 72' lang='lat' dir='ltr'><strong>approbatur.⁷</strong></span> 
     </span>
    </p>
   </div>
   <div class='ocr_carea' id='block_1_6' title="bbox 247 3916 1340 4126">
    <p class='ocr_par' dir='ltr' id='par_1_6' title="bbox 247 3916 1340 4126">
     <span class='ocr_line' id='line_1_31' title="bbox 247 3916 1340 3976; baseline -0.003 0"><span class='ocrx_word' id='word_1_249' title='bbox 247 3923 257 3959; x_wconf 88' lang='lat'>¹</span> <span class='ocrx_word' id='word_1_250' title='bbox 270 3923 298 3976; x_wconf 83' lang='lat' dir='ltr'><strong>O.</strong></span> <span class='ocrx_word' id='word_1_251' title='bbox 311 3923 344 3976; x_wconf 90' lang='lat' dir='ltr'><strong>D.</strong></span> <span class='ocrx_word' id='word_1_252' title='bbox 359 3923 390 3974; x_wconf 81' lang='lat' dir='ltr'><strong>E.</strong></span> <span class='ocrx_word' id='word_1_253' title='bbox 403 3919 555 3974; x_wconf 83' lang='lat' dir='ltr'><strong>notabilem.</strong></span> <span class='ocrx_word' id='word_1_254' title='bbox 637 3916 649 3953; x_wconf 89' lang='lat'><strong>¹</strong></span> <span class='ocrx_word' id='word_1_255' title='bbox 660 3919 691 3973; x_wconf 88' lang='lat' dir='ltr'><strong>B.</strong></span> <span class='ocrx_word' id='word_1_256' title='bbox 706 3919 734 3972; x_wconf 81' lang='lat'><strong>0.</strong></span> <span class='ocrx_word' id='word_1_257' title='bbox 747 3919 779 3972; x_wconf 91' lang='lat' dir='ltr'><strong>D.</strong></span> <span class='ocrx_word' id='word_1_258' title='bbox 794 3919 824 3972; x_wconf 80' lang='lat' dir='ltr'><strong>lt</strong></span> <span class='ocrx_word' id='word_1_259' title='bbox 837 3919 893 3972; x_wconf 78' lang='lat' dir='ltr'><strong>odd</strong></span> <span class='ocrx_word' id='word_1_260' title='bbox 904 3935 974 3972; x_wconf 82' lang='lat' dir='ltr'><strong>raro.</strong></span> <span class='ocrx_word' id='word_1_261' title='bbox 1014 3917 1066 3972; x_wconf 80' lang='lat'><strong>⁸0.</strong></span> <span class='ocrx_word' id='word_1_262' title='bbox 1079 3919 1109 3970; x_wconf 83' lang='grc' dir='ltr'><strong>Ε.</strong></span> <span class='ocrx_word' id='word_1_263' title='bbox 1124 3921 1185 3970; x_wconf 72' lang='lat' dir='ltr'><strong>maii</strong></span> <span class='ocrx_word' id='word_1_264' title='bbox 1196 3919 1340 3974; x_wconf 78' lang='lat' dir='ltr'><strong>dominum.</strong></span> 
     </span>
     <span class='ocr_line' id='line_1_32' title="bbox 247 3987 1313 4059; baseline -0.004 -13"><span class='ocrx_word' id='word_1_265' title='bbox 247 3993 259 4028; x_wconf 87' lang='lat'><strong>⁴</strong></span> <span class='ocrx_word' id='word_1_266' title='bbox 271 3995 298 4046; x_wconf 80' lang='grc'><strong>0.</strong></span> <span class='ocrx_word' id='word_1_267' title='bbox 311 3995 341 4046; x_wconf 81' lang='lat' dir='ltr'><strong>E.</strong></span> <span class='ocrx_word' id='word_1_268' title='bbox 354 3996 416 4045; x_wconf 76' lang='lat' dir='ltr'><strong>otnit</strong></span> <span class='ocrx_word' id='word_1_269' title='bbox 427 3991 632 4059; x_wconf 77' lang='lat' dir='ltr'><strong>quia-veritas.</strong></span> <span class='ocrx_word' id='word_1_270' title='bbox 1011 3987 1064 4042; x_wconf 61' lang='grc' dir='ltr'><strong>ὅΒ.</strong></span> <span class='ocrx_word' id='word_1_271' title='bbox 1078 3989 1107 4041; x_wconf 84' lang='lat' dir='ltr'><strong>O.</strong></span> <span class='ocrx_word' id='word_1_272' title='bbox 1121 3989 1152 4041; x_wconf 90' lang='lat' dir='ltr'><strong>D.</strong></span> <span class='ocrx_word' id='word_1_273' title='bbox 1166 3989 1197 4040; x_wconf 75' lang='lat' dir='ltr'><strong>u</strong></span> <span class='ocrx_word' id='word_1_274' title='bbox 1211 3989 1266 4041; x_wconf 78' lang='lat' dir='ltr'><strong>adei</strong></span> <span class='ocrx_word' id='word_1_275' title='bbox 1277 3995 1313 4042; x_wconf 82' lang='lat' dir='ltr'><strong>et.</strong></span> 
     </span>
     <span class='ocr_line' id='line_1_33' title="bbox 247 4057 1234 4126; baseline -0.007 -8"><span class='ocrx_word' id='word_1_276' title='bbox 247 4061 260 4098; x_wconf 74' lang='lat'>⁸</span> <span class='ocrx_word' id='word_1_277' title='bbox 272 4065 301 4118; x_wconf 85' lang='grc' dir='ltr'><strong>Β.</strong></span> <span class='ocrx_word' id='word_1_278' title='bbox 315 4064 343 4117; x_wconf 81' lang='lat'><strong>0.</strong></span> <span class='ocrx_word' id='word_1_279' title='bbox 357 4063 388 4116; x_wconf 71' lang='lat' dir='ltr'>R</span> <span class='ocrx_word' id='word_1_280' title='bbox 401 4061 611 4116; x_wconf 76' lang='lat' dir='ltr'><strong>auotoritatibus.</strong></span> <span class='ocrx_word' id='word_1_281' title='bbox 809 4057 862 4112; x_wconf 76' lang='lat' dir='ltr'><strong>¹E.</strong></span> <span class='ocrx_word' id='word_1_282' title='bbox 876 4063 949 4113; x_wconf 72' lang='lat' dir='ltr'><strong>maiia</strong></span> <span class='ocrx_word' id='word_1_283' title='bbox 960 4057 1234 4126; x_wconf 75' lang='lat' dir='ltr'><strong>siout-approbatur.</strong></span> 
     </span>
    </p>
   </div>
   <div class='ocr_carea' id='block_1_7' title="bbox 0 2 1632 5122">
    <p class='ocr_par' dir='ltr' id='par_1_7' title="bbox 0 2 1632 5122">
     <span class='ocr_line' id='line_1_34' title="bbox 0 2 1632 5122; baseline 0 0"><span class='ocrx_word' id='word_1_284' title='bbox 0 2 1632 5122; x_wconf 95' lang='lat' dir='ltr'><strong> </strong></span> 
     </span>
    </p>
   </div>
  </div>
 </body>
</html>
