3240 5130
326 360 392 452 378Ι
698 400 794 462 LIBER
808 399 1076 451 Pnusununnhsls.

323 559 490 644 opiniones
504 559 628 625 stelias
639 559 759 623 multas
769 558 926 644 sagacitas
936 556 1063 622 consilii
1071 555 1258 623 Besiliensis
1268 557 1474 622 reformavit

323 651 436 710 eontra
456 643 648 730 Pis-genses.l
691 645 804 710 Eoiam
827 649 1000 710 tenuerunt
1020 643 1107 728 qnod
1128 648 1269 728 potestas
1290 643 1472 708 secularis

323 733 507 817 principum
522 737 590 796 erat
604 751 701 816 supra
715 736 906 817 potestatem
922 730 1121 815 spiritualem
1135 736 1168 795 et
1181 729 1471 808 eeclesiasticam?

324 823 359 883 et
387 817 475 902 quod
496 818 543 883 eis
571 819 759 903 pertinebat,
787 818 848 883 viz.
877 814 1140 902 magistratibus,⁸
1163 815 1252 882 licite
1276 816 1467 882 rectificare

324 903 457 970 olerioos
480 910 514 970 et
537 905 687 989 praelatos
710 904 942 988 delinquentes,
970 903 1091 989 absque
1115 902 1249 968 lioenoia
1274 903 1468 988 spiritualis

324 991 515 1075 potsststb‚⁴
528 999 561 1057 et
575 991 745 1057 autoritate
759 991 887 1075 proprie
897 989 1043 1075 judicare
1053 991 1093 1056 de
1108 989 1271 1074 spirituali
1284 995 1465 1073 potestate,

323 1077 476 1155 dieentes,
490 1083 529 1142 ut
549 1078 765 1163 praemittitur,
778 1077 865 1161 quod
886 1077 1063 1161 spin'tuelis
1081 1081 1222 1160 potestas
1244 1077 1390 1160 subjecta
1404 1082 1465 1140 est

323 1163 493 1249 temporali
549 1165 660 1230 testati
673 1165 710 1230 in
730 1183 827 1250 reguo
848 1163 1024 1248 temporali.
1067 1164 1111 1228 Et
1124 1162 1173 1228 sio
1186 1183 1314 1228 omnem
1327 1181 1464 1246 posses-

324 1250 449 1316 sionem
462 1273 504 1316 vo
518 1253 614 1318 ebant
628 1253 669 1316 ab
683 1251 817 1316 eeclesia
836 1251 901 1316 Dei
922 1251 1054 1327 auferre,
1067 1255 1102 1316 et
1120 1249 1289 1315 ecelesiam
1303 1249 1461 1315 omuibus
1565 1275 1566 1280 ¹

323 1338 578 1422 possessionibus
593 1337 737 1424 spoliare,
751 1341 790 1402 ut
809 1338 856 1402 sie
878 1336 1004 1402 deficiet
1020 1337 1100 1403 fides
1115 1335 1244 1401 Christi
1288 1336 1462 1400 Dixarunt

324 1424 427 1490 eniam
450 1424 537 1508 quod
565 1424 601 1488 in
625 1421 761 1508 puleoia⁶
786 1423 868 1488 bene
891 1429 978 1488 reeta
1002 1423 1175 1508 expediens
1198 1426 1283 1487 esset
1311 1423 1460 1500 domum,

323 1531 457 1576 uxorem
471 1517 504 1576 et
518 1510 626 1576 omnia
639 1510 723 1576 bona
732 1530 802 1575 esse
816 1510 999 1575 eommunia
1012 1509 1170 1588 omnibus,
1182 1509 1309 1594 [eciem]
1325 1508 1460 1573 etlilias

323 1597 361 1661 in
370 1603 544 1682 conspeetu
564 1600 693 1681 patruni
715 1601 750 1662 et
762 1615 877 1662 uxores
897 1596 934 1662 in
955 1603 1129 1681 conspeetu
1150 1595 1344 1660 maritorum
1389 1595 1459 1660 Sed

323 1703 382 1768 per
395 1683 567 1748 eonsilium
580 1683 659 1748 haeae
672 1681 798 1748 hereses
820 1689 911 1748 erent
931 1683 1118 1760 reformetae,
1133 1689 1166 1748 et
1179 1703 1291 1747 omnes
1304 1687 1456 1747 tenentes
1565 1739 1566 1750 ,

309 1765 415 1833 'illam
429 1776 550 1834 sectum
563 1768 605 1834 ab
618 1768 849 1835 hereditatibus
864 1769 992 1854 expulsi
1005 1775 1040 1835 et
1061 1767 1280 1846 exhereditati,
1295 1774 1327 1834 et
1341 1789 1456 1833 eorum

323 1856 539 1939 possessiones
573 1856 658 1921 veris
687 1854 879 1922 Christianis
902 1875 1067 1934 ooneessae,
1090 1862 1124 1920 et
1147 1875 1301 1940 possessa
1326 1855 1367 1920 ab
1396 1855 1457 1920 eis.
1565 1859 1566 1918 i

324 1941 389 2020 Qui
417 1947 528 2028 postea
554 1942 721 2008 venientes
749 1942 791 2007 ed
819 1942 999 2021 eonsilium,
1027 1943 1234 2027 postulabant
1258 1942 1305 2006 eis
1341 1962 1453 2006 eornm
1565 1963 1566 2006 3

323 2029 516 2094 hereditates
529 2029 666 2107 restitui,
680 2029 757 2113 quia
772 2031 914 2094 contenti
928 2035 1020 2094 erant
1033 2049 1144 2094 eorum
1163 2049 1283 2094 errores
1297 2047 1453 2094 munnere
1565 2075 1566 2078 ,

324 2115 449 2194 Quibus
483 2135 674 2200 responsum
712 2115 777 2181 fuit
815 2116 902 2201 quod
931 2137 1135 2202 nequaquam
1170 2116 1363 2180 inueternum
1390 2115 1453 2180 hoo
1565 2163 1566 2166 ,

323 2204 481 2268 facerent:
503 2223 579 2268 num
601 2208 732 2287 peeoate
754 2221 813 2267 sue
836 2203 946 2286 pejore
969 2206 1172 2280 meruerunt;
1200 2201 1342 2269 dieentes
1366 2203 1454 2287 quod

323 2287 459 2374 dignum
471 2296 521 2356 est
535 2295 574 2354 ut
586 2289 661 2374 quie
673 2288 827 2374 puniatur
839 2289 875 2354 in
890 2309 928 2354 eo
942 2289 1028 2374 quod
1041 2288 1194 2373 deliquid

338 2503 504 2632 §susum
518 2545 658 2630 rmum
672 2545 812 2632 soris
825 2545 992 2615 nouum
1005 2545 1153 2614 seusu
1167 2546 1434 2630 morum

410 2647 496 2716 iuter
510 2645 684 2729 Quoiam
698 2647 730 2716 rt
743 2643 916 2728 §uuam
935 2665 1006 2714 euru
1019 2644 1301 2731 {subruitis-fd.
1316 2645 1370 2757 bit

326 2786 1205 2934 &1quidemtempusvenitoennqnaquidam
1219 2808 1449 2888 miraqmissus

323 2918 344 2961 e
357 2915 430 2980 rege
444 2895 571 2979 Angliae
584 2896 651 2979 regi
664 2896 784 2961 Soooiae
798 2901 831 2961 et
852 2895 994 2972 oonsilio,
1027 2914 1102 2960 eum
1123 2901 1210 2960 oerte
1230 2895 1449 2960 commissione
1565 2901 1566 2946 f

324 2987 359 3048 et
382 2981 660 3046 instrueoionibus.
705 2980 801 3044 Unde
819 3001 876 3045 rex
896 2981 1087 3046 informatus
1109 2981 1344 3066 aquibusdarn,
1364 2983 1449 3066 apud
1565 2983 1566 2992 ’

325 3067 423 3133 Perth
437 3066 641 3151 congregavit
661 3065 832 3131 eonsilium
852 3067 999 3151 generale
1012 3068 1049 3132 in
1062 3087 1173 3133 mense
1188 3069 1355 3134 Oebrbris:
1379 3089 1448 3154 pro-
1565 3061 1566 3140 l

324 3155 431 3240 posita
444 3158 494 3218 est
507 3153 641 3218 materia
655 3152 695 3218 de
709 3173 788 3237 paoe
811 3152 957 3218 habenda
971 3173 1045 3219 cunr
1063 3154 1175 3240 singlis
1188 3160 1351 3238 perpetua,
1365 3156 1449 3220 etde

323 3238 530 3307 restituendis
553 3239 703 3305 omnihus
728 3239 849 3318 esstrb,
871 3239 959 3304 villis
984 3245 1017 3306 et
1041 3240 1295 3324 possessionibus
1316 3263 1389 3326 quae
1408 3241 1448 3306 ad

324 3347 459 3413 regnum
481 3327 601 3392 Seooiae
625 3347 683 3412 per·
706 3331 793 3392 oerta
814 3323 958 3412 tempora
979 3331 1142 3392 transacta
1164 3329 1324 3413 pertinere
1344 3329 1448 3394 dinos-

326 3419 451 3492 cuntur,
465 3417 499 3479 et
512 3413 671 3497 praeoipue
686 3413 861 3498 Roxhurgh
882 3419 914 3478 et
930 3413 1067 3491 Berwik
1081 3421 1115 3478 et
1128 3414 1237 3478 omnia
1257 3413 1321 3479 alia
1335 3415 1404 3480 loea
1416 3421 1449 3480 et
1565 3427 1566 3482 l

325 3500 541 3587 possessiones
555 3519 628 3585 quae
641 3500 855 3585 injusteelias
877 3500 918 3566 de
931 3520 1028 3586 regno
1050 3499 1171 3565 Soooiae
1185 3501 1387 3566 abstuleunrt
1395 3508 1448 3582 3et
1565 3493 1566 3544 ἶ

197 3665 200 3673 ,
326 3586 951 3672 oumsisperpetuumpaoemlaoereut
993 3586 1340 3672 Etbseoinpraesenois
1353 3587 1450 3673 regis⁸
1565 3591 1566 3628 r

325 3679 402 3740 ente
428 3693 581 3758 magnum
606 3672 705 3738 eltare
733 3673 770 3738 in
798 3673 931 3739 eeclesia
960 3673 1207 3738 Praedioatorum
1236 3673 1325 3759 apud
1352 3674 1446 3740 Perth

324 3764 565 3914 ethelmi
614 3751 1275 3912 effluuoepqupufflmffi
1288 3760 1449 3913 teth

323 3933 461 4000 corditer
493 3933 608 3999 ebono
622 3931 715 3998 eorde
723 3932 879 3998 affectare.
923 3895 1074 4010 Tandem,
1085 3930 1243 3998 voeibus¹⁰
1253 3933 1449 4018 singolorum

372 4095 382 4130 ¹
395 4097 424 4149 O.
437 4095 467 4147 Ε.
480 4095 631 4162 Pregenseu
667 4094 700 4145 D.
713 4095 888 4157 alteredsrom
899 4095 1049 4162 Pragenses.

372 4165 423 4218 ²0.
437 4165 468 4216 Ε.
480 4164 643 4231 spiritualem
656 4165 737 4269 reqlis
748 4180 832 4216 musa
1103 4163 1153 4217 ⁸0.
1168 4165 1250 4232 magis
1261 4165 1397 4218 straubus

372 4233 384 4270 ⁴
396 4238 425 4289 0.
438 4235 469 4287 Ε.
482 4235 537 4287 add
548 4234 580 4287 ei
709 4235 736 4288 0.
749 4234 856 4302 polenia
894 4235 924 4288 n
937 4235 1038 4302 politia
1102 4234 1156 4288 ⁰0.
1170 4237 1198 4287 E
1211 4236 1361 4304 intringere

372 4305 581 4370 'Alteradsrom
592 4304 653 4357 filio.
1103 4303 1348 4373 ⁸reqisiuquiu
1359 4309 1431 4362 later.

373 4375 438 4428 ⁹est
450 4378 476 4428 in
487 4379 589 4443 vuarato
601 4376 673 4429 later.
710 4375 741 4428 D.
754 4377 828 4428 omits
839 4379 864 4428 u.
1093 4374 1115 4409 ¹⁰
1127 4377 1155 4429 O.
1168 4377 1198 4429 Ε.
1212 4380 1281 4429 vote

1107 5090 1341 5124 ..Α-ΝΗ*-
1364 4725 1566 5124 “mm-j
