3286 5112
659 493 753 541 Lillllll
768 493 884 544 Nouus.
1278 483 1339 542 253

211 649 411 716 sanctissime
424 654 517 735 pater
529 655 563 716 et
577 649 714 729 domine,
727 671 765 716 ac
779 671 821 716 ex
835 651 1040 736 antiquorum
1053 652 1151 736 gestis
1166 655 1199 717 et
1213 651 1340 735 scriptis

211 738 402 823 colligimus,
415 737 509 822 quod,
523 738 608 803 inter
622 743 750 803 caeteras
764 739 914 804 naciones
927 739 1075 823 egregias,
1089 737 1210 804 nostra¹
1225 759 1250 804 s.
1265 738 1340 803 Sco-

211 830 319 890 torum
340 825 431 889 nacio
445 824 557 890 multis
572 825 738 908 preconiis
759 825 800 889 ab
814 825 911 890 inicio
930 826 1035 890 iuerat
1055 825 1216 910 insignita
1260 824 1340 902 Quae

212 911 252 977 de
267 911 397 976 Graecias
410 911 529 976 linibus
551 911 699 976 similiter
713 917 745 976 et
759 911 885 996 AEgipti
901 931 958 995 per
977 931 1064 976 mara
1078 912 1239 995 Tyrenum
1261 912 1341 976 citra

210 997 366 1062 Affiioam
385 1002 419 1062 et
439 997 626 1082 columpnas
640 997 790 1062 Herculis
811 997 969 1064 transiens
990 998 1027 1062 in
1041 998 1241 1082 Hispaniam,
1255 998 1341 1063 inter

210 1084 420 1149 ferocissimas
444 1089 555 1168 gentas
579 1104 636 1168 per
664 1084 769 1149 multa
793 1091 974 1169 temporum
1003 1084 1160 1149 curricula
1188 1084 1339 1162 residens,

211 1191 394 1254 nuncquam
405 1177 530 1254 poterat
544 1191 564 1234 a
577 1171 832 1255 quibuscumque
846 1171 1018 1236 barbaricis
1034 1172 1182 1256 gentibus
1196 1191 1340 1255 quoquo-

210 1257 304 1322 modo
320 1257 482 1342 subjugari
494 1281 502 1336 ;
522 1257 669 1342 indeque,
684 1263 757 1341 post
770 1258 874 1322 multa
888 1264 1039 1341 tempora,
1051 1278 1074 1323 s.
1088 1257 1178 1322 mille
1193 1257 1340 1322 ducentis

211 1345 312 1420 annis,
327 1349 400 1428 post
420 1344 593 1408 transitum
613 1344 725 1428 populi
740 1344 908 1409 Israelitioi
929 1345 1091 1428 per'Marc
1109 1345 1261 1421 Rubrum,
1277 1344 1340 1408 sibi

211 1430 300 1495 sedes
321 1431 357 1493 in
378 1429 542 1495 occidente
563 1451 642 1514 quas
664 1430 705 1494 ad
726 1429 790 1495 huc
812 1436 954 1514 occupat,
975 1430 1117 1515 expulsis
1138 1430 1250 1495 multis
1271 1430 1340 1494 bar

209 1517 323 1581 baricis
336 1525 448 1600 gentes
462 1515 508 1581 et²
517 1517 675 1594 naciones,
689 1517 813 1601 magnis
827 1516 989 1583 laboribus
1003 1517 1175 1602 optinuit:⁸
1196 1516 1339 1600 expulsis

209 1605 313 1688 primo
327 1603 522 1680 Britonibua‚
539 1608 573 1666 et
587 1603 687 1668 Pictis
709 1603 839 1668 omnino
861 1603 984 1682 deletis,
997 1604 1074 1669 licet
1094 1625 1151 1688 per
1165 1604 1338 1668 Norowua-

209 1689 339 1773 gensis,¹
352 1687 467 1754 Datos⁵
481 1695 515 1754 et
528 1689 678 1772 Anglicos
701 1691 874 1773 saepissime
893 1691 997 1755 fuerat
1017 1692 1212 1776 impugnata,
1226 1691 1339 1754 multis

209 1782 318 1841 tamen
340 1775 482 1841 victoriis
509 1782 542 1840 et
564 1775 725 1842 laboribus
748 1798 846 1861 quam
874 1776 1022 1862 plurimis
1046 1777 1225 1862 acquisivit,
1252 1778 1339 1860 ipsas

209 1862 350 1946 quoque⁶
360 1862 400 1927 ab
409 1862 497 1926 omni
512 1863 675 1928 servitutis
686 1865 763 1948 jugo
777 1863 893 1928 liberas
908 1884 1033 1948 semper
1045 1865 1159 1929 tenuit
1204 1863 1245 1928 In
1259 1884 1338 1947 quo-

209 1969 282 2012 rum
304 1969 401 2033 ragno
423 1955 552 2014 centum
567 1949 626 2013 xiii
640 1970 728 2035 regas
743 1950 783 2015 de
797 1949 946 2034 quorum⁷
965 1950 1064 2034 regali
1077 1950 1232 2035 prosapia,
1246 1949 1337 2015 nullo

209 2035 441 2101 interveniente
472 2035 657 2120 alienigena,
685 2042 905 2121 regnaverunt,
928 2057 1064 2120 quorum
1091 2036 1275 2100 nobilitates
1305 2041 1338 2100 et

209 2122 331 2198 merita,
345 2121 422 2186 licet
443 2142 484 2187 ex
498 2121 570 2186 aliis
586 2142 651 2187 non
665 2122 829 2199 clarerent,
844 2124 923 2187 satia
937 2127 1084 2206 patenter
1104 2121 1180 2186 efful
1204 2121 1281 2186 'ent¹
1295 2143 1336 2186 ex

210 2226 247 2272 eo
261 2207 348 2290 quod
362 2208 432 2272 Rex
446 2229 555 2292 regum
570 2213 602 2273 et
616 2209 776 2274 Dominus
794 2209 1032 2273 dominantium
1046 2208 1165 2273 Jheaus
1207 2207 1336 2286 hristus,

209 2299 304 2378 prout
318 2294 445 2378 passus¹
457 2300 530 2379 post
551 2295 731 2379 passionem
753 2315 845 2360 suam
859 2301 892 2360 et
906 2295 1179 2372 resurreccionem,
1193 2295 1279 2378 ipsos
1300 2295 1336 2358 in

210 2380 334 2445 ultimis
350 2380 467 2446 linibus
482 2381 597 2446 mundi
618 2381 809 2447 constitutos
831 2382 924 2466 quasi
938 2383 1057 2466 primos
1079 2381 1120 2447 ad
1135 2401 1226 2445 suam
1240 2380 1336 2445 fidem

209 2467 453 2545 sanctissimam,
475 2488 533 2533 nec
553 2468 680 2533 eosdem
694 2488 751 2551 per
765 2468 940 2553 quemlibet
955 2470 991 2532 in
1005 2488 1063 2532 sua
1077 2467 1139 2532 fids
1157 2466 1336 2532 confirmari

208 2554 321 2632 voluit,
340 2554 397 2619 sed
418 2575 475 2638 per
494 2575 588 2619 suum
611 2555 751 2638 primum
773 2555 952 2638 apostolum
973 2553 1175 2632 vocacione,²⁰
1189 2553 1336 2637 quamvis

209 2641 319 2705 ordine
333 2641 509 2705 secuudum
523 2641 577 2706 vel
598 2640 766 2719 tercium,¹¹
781 2649 928 2706 sanctum
942 2641 1112 2720 Andream,
1128 2641 1335 2705 mitissimum

207 2727 294 2792 beati
317 2726 405 2792 Petri
429 2747 624 2812 germanum,
646 2749 744 2812 quem
769 2747 895 2812 semper
918 2728 998 2812 ipsis
1019 2748 1153 2812 praeesse
1173 2727 1277 2792 voluit
1298 2733 1337 2791 ut

206 2819 385 2898 patronum.
418 2815 499 2880 Haec
513 2822 621 2878 autem
637 2815 831 2879 sanctissimi
845 2819 960 2899 patrea,
974 2815 1217 2900 praedecessores
1227 2814 1326 2878 vestri

207 2901 332 2965 solicita
353 2907 461 2966 mente
482 2909 660 2986 pensantes,
681 2901 789 2986 ipsum
809 2922 943 2986 regnum
960 2909 992 2966 et
1012 2901 1176 2988 populum,
1190 2906 1229 2965 ut
1248 2900 1336 2965 beati

206 2987 293 3052 Petri
315 2988 476 3072 peculium
497 2987 649 3072 germani,
669 2988 782 3052 multis
803 2989 965 3052 favoribus
987 2995 1020 3052 ct
1041 2987 1215 3072 privilegiis
1237 3006 1335 3071 quam

206 3073 352 3157 pluribus
373 3075 575 3139 munierunt:
597 3075 644 3139 ita
657 3075 776 3200 quippe
791 3075 877 3158 quod
898 3095 975 3158 gens
990 3080 1097 3139 nostra
1111 3075 1171 3138 sub
1192 3075 1334 3158 ipsorum

205 3162 405 3242 protcccione
420 3161 570 3226 hattenus
584 3161 722 3226 liberum
735 3161 748 3200 ¹
761 3161 871 3247 deguit
885 3167 917 3226 et
932 3161 1048 3246 quieta,
1063 3161 1163 3226 donec
1176 3160 1233 3224 ille
1247 3159 1334 3244 prin·

207 3265 281 3328 ceps
303 3246 468 3324 malificus,
493 3267 549 3312 rex
574 3247 701 3333 Anglias
722 3247 908 3323 Edwardus,
932 3253 1024 3332 pater
1045 3247 1138 3312 istius
1160 3267 1247 3311 nuno
1269 3265 1335 3330 reg·

206 3333 322 3410 nantis,
333 3353 466 3416 regnum
476 3341 621 3398 nostrum
632 3334 828 3418 acephalum,
839 3335 960 3399 nullius
970 3333 1049 3397 mali
1060 3333 1126 3397 doli
1137 3329 1335 3411 conscium,¹⁸
1349 3405 1356 3418 ,

206 3417 300 3482 bellis
315 3426 349 3483 et
362 3419 537 3484 insultibus
551 3421 743 3484 militaribus
758 3420 972 3485 consuctum¹⁴
986 3441 1027 3485 ex
1040 3419 1238 3504 louginqna¹⁶
1248 3439 1335 3504 pace,

204 3504 265 3568 sub
280 3506 375 3570 amici
388 3512 421 3570 et
432 3505 638 3570 confoederati
653 3507 757 3590 specie
767 3507 1006 3571 inimicabiliter
1016 3507 1190 3571 infestavit.
1231 3507 1332 3590 Cujus

204 3589 348 3674 injurias,
360 3591 460 3657 caedes
476 3597 509 3656 et
522 3591 703 3669 violencias,
713 3593 860 3658 incendia
875 3591 933 3658 et¹¹
942 3592 1164 3677 predaciones,
1175 3612 1212 3658 ac
1222 3592 1334 3677 praela·

252 3831 260 3867 ¹
273 3834 302 3885 O.
315 3833 346 3885 Ε.
360 3837 470 3884 nostran

252 3902 263 3937 ¹
276 3904 304 3956 0.
320 3904 349 3955 R
363 3905 425 3954 cruit
436 3908 470 3955 st
508 3901 540 3955 D.
552 3903 599 3954 tos
607 3901 695 3971 gantis
706 3901 801 3954 altaed
813 3907 838 3952 lo
848 3903 950 3968 gentes,
962 3902 1017 3954 ond
1028 3905 1056 3953 et
1067 3899 1208 3954 ramaneat

251 3972 263 4008 ³
275 3976 303 4026 0.
317 3975 347 4026 lu
361 3975 417 4025 odd
427 3973 516 4026 eciam.
554 3975 585 4026 D.
599 3973 666 4024 oddo
678 3977 727 4024 eto.

251 4043 263 4078 ⁴
275 4046 303 4097 B.
318 4045 549 4112 Ncrcwusgonses.
587 4045 616 4096 (l.
630 4044 660 4096 R
674 4042 897 4110 Norowagiansas.
934 4043 967 4094 D.
980 4041 1223 4108 Noronrrsgisnsea.

251 4113 303 4168 ⁶0.
319 4117 349 4167 Ε.
364 4116 457 4167 Dacos.
599 4111 610 4148 ¹
624 4115 652 4166 0.
665 4113 695 4165 Ε.
709 4113 837 4181 ipsasque.
1014 4111 1067 4164 ⁷0.
1080 4112 1113 4162 D.
1127 4113 1157 4162 E
1171 4111 1294 4177 ipsoram.

250 4185 261 4220 ⁸
273 4187 302 4239 B.
316 4185 450 4254 effulgent.
599 4182 651 4237 ⁹0.
666 4185 695 4236 lc.
704 4187 764 4236 omit
777 4200 876 4250 passus.
912 4183 944 4237 D.
956 4183 1104 4250 wamus
1115 4181 1202 4234 sacred
1214 4181 1329 4246 uranu.

239 4255 261 4290 ¹⁰
273 4258 300 4309 C.
315 4255 459 4308 raoacicua
589 4253 655 4306 ¹¹1).
668 4255 715 4306 tos
727 4254 771 4306 vel
782 4255 895 4306 tercium
907 4255 1028 4320 nnudged
1039 4259 1089 4304 out.

239 4325 261 4360 ¹²
272 4327 301 4379 Ia
316 4327 344 4379 (l.
358 4329 389 4379 Ε,
401 4327 490 4379 libera
1005 4323 1026 4358 ¹¹
1037 4324 1065 4376 0.
1079 4323 1108 4376 lt
1122 4321 1258 4374 masclam

238 4395 261 4431 ¹⁴
273 4397 301 4449 R
317 4397 349 4450 D.
363 4399 552 4450 inconsuetum.
590 4396 619 4450 0.
633 4395 663 4449 E
677 4395 704 4448 iu
717 4399 882 4449 consuetum.

240 4464 302 4521 1ὅΒ.
317 4468 388 4521 (1.1).
402 4469 432 4523 Ε,
445 4468 570 4535 longaeva.
1005 4463 1026 4499 ¹⁰
1039 4464 1066 4518 0.
1080 4465 1110 4518 Ε.
1124 4464 1187 4517 omit
1199 4466 1233 4518 et
