3282 5124
303 399 363 458 198
676 410 771 458 LIBER
785 409 1054 458 subsannantem.

299 587 397 651 regno
418 567 610 652 asportando
624 565 852 648 adnichilavit3
866 566 1045 660 ¹ostendens
1060 586 1094 632 ae
1108 587 1165 652 per
1178 565 1240 630 hoc
1261 564 1437 629 manifeste

299 655 453 738 injustam
475 674 605 718 causam
618 653 725 754 fovere
747 662 866 755 contra·
878 675 1012 739 regnum
1034 653 1153 754 Scociae
1167 660 1200 754 et
1214 651 1437 804 eajdusldffioinrtg

265 741 395 913 ,tlt
414 740 1283 929 odibilia&alblbmilillbpildffisa
1329 825 1437 889 aaa

301 933 374 1063 tul
387 913 580 1066 {llllus
591 919 968 1067 {stillatim
978 913 1244 1066 sem-tub
1258 931 1436 1064 ellam

302 1021 672 1152 dominium1ni'eiqmetl
687 1093 720 1154 et
734 1089 769 1152 vi
782 1051 919 1165 tentrlm,
927 1022 1178 1173 regnumgprpsius
1190 1084 1336 1151 vacantis
1349 1089 1436 1148 tem·

301 1193 385 1257 pore,
396 1182 568 1259 postquam
581 1176 722 1260 primum
736 1195 831 1240 suurn
845 1174 1110 1258 qualemcumque
1124 1173 1258 1237 titulum
1271 1179 1306 1237 et
1318 1171 1434 1236 introi-

301 1265 373 1324 tum
393 1262 483 1346 regni
500 1262 569 1326 sive
591 1268 737 1326 exortum
757 1261 974 1346 principatum
995 1261 1118 1326 notorie
1139 1260 1262 1338 habuit,
1275 1279 1333 1343 per
1346 1257 1434 1323 cedi-

302 1348 427 1413 oionem
448 1348 550 1412 solam
572 1353 605 1412 et
625 1349 770 1433 parcium
794 1349 991 1425 intestinam,
1012 1348 1159 1432 qualiter,
1181 1346 1285 1412 Sentis
1310 1345 1432 1411 endem

302 1453 428 1518 semper
439 1433 686 1518 provocantibus
700 1435 742 1499 ed
755 1435 931 1519 praestitam
945 1433 1135 1512 libertatem,
1145 1454 1202 1498 rex
1216 1431 1351 1517 Anglioe,
1362 1431 1434 1496 sine

193 1537 197 1546 ·
298 1521 431 1604 judicio,
441 1521 497 1604 jus
519 1520 583 1584 sibi
597 1520 706 1586 dicens
724 1521 765 1585 de
786 1541 820 1586 re
841 1527 875 1586 et
895 1541 992 1607 regno
1014 1521 1078 1586 sibi
1097 1521 1228 1605 penitus
1249 1519 1362 1596 alieno,
1375 1538 1434 1602 per

302 1626 394 1687 suam
419 1606 520 1670 solam
544 1607 727 1691 potenciam
748 1613 782 1672 et
806 1607 976 1686 maliciam,
998 1608 1067 1673 vim
1092 1612 1125 1673 et
1145 1613 1277 1684 metum,
1298 1606 1433 1670 mittens

301 1697 422 1757 temere
441 1691 570 1758 falcem²
590 1693 626 1756 in
643 1713 779 1759 messem
801 1694 947 1772 alienam,
969 1714 1006 1759 ac
1030 1693 1145 1760 deinde
1166 1692 1304 1778 qualiter
1324 1693 1434 1776 ipsum

289 1779 499 1862 ¹praecesserit
523 1780 698 1864 negocium,
720 1780 816 1846 scribi
836 1801 903 1845 non
922 1785 1037 1866 potest,
1058 1780 1112 1846 vel
1133 1780 1226 1846 aliter
1248 1779 1343 1844 dictis
1364 1777 1433 1843 suis

302 1864 393 1930 brevi
407 1865 483 1930 stilo
496 1866 694 1951 respondere,
705 1887 743 1932 eo
757 1867 843 1952 quod
856 1866 1028 1951 prolixius⁸
1038 1872 1088 1933 est
1102 1867 1241 1932 nimium
1254 1884 1434 1950 processum

303 1951 425 2017 mundo
439 1959 549 2018 tamen
562 1958 659 2019 notus
680 1960 748 2019 tam
762 1955 903 2039 injustus
924 1974 1090 2040 processus
1111 1954 1236 2040 negocii
1250 1952 1302 2018 sui
1315 1953 1352 2016 in
1366 1972 1432 2036 quo

303 2038 445 2119 confidit,
474 2039 503 2104 si
534 2040 617 2125 justi
643 2041 763 2126 judicis
792 2042 939 2106 examine
967 2041 1160 2120 visitaretur,
1189 2046 1223 2106 et
1250 2040 1287 2104 in
1315 2043 1433 2105 statera

300 2126 441 2210 justiciae
455 2131 541 2193 recte
554 2126 777 2194 libearenuu*
791 2128 918 2213 singula
931 2127 1016 2193 fecta
1030 2148 1090 2193 sua
1097 2152 1106 2208 ;
1131 2128 1168 2192 in
1182 2127 1300 2212 quibus
1314 2127 1344 2190 si
1357 2145 1433 2190 con-

302 2213 460 2279 fitendum
481 2213 671 2292 orediderit,⁵
681 2214 764 2300 justi
780 2215 901 2299 judicis
919 2214 1056 2279 Romani
1069 2214 1231 2300 pontificis
1243 2213 1429 2278 nullatenus

302 2300 488 2366 declararet⁶
497 2301 655 2379 eramen,⁷
662 2309 701 2366 ut
715 2301 910 2379 declinabat
919 2302 1021 2385 ipsius
1036 2301 1151 2366 saltem
1164 2301 1288 2386 negocii
1301 2299 1429 2377 veritas,

302 2388 338 2451 in
359 2387 431 2452 luce
452 2387 569 2472 saepius
591 2389 783 2466 examinata,
796 2389 897 2474 magis
911 2409 968 2474 pro
983 2395 1073 2474 parte
1088 2389 1255 2454 Scotorum
1269 2385 1432 2471 splendes-

303 2481 395 2551 oeret,
410 2479 444 2539 et
457 2475 558 2558 partis
578 2475 717 2540 adversa
734 2475 912 2560 perniciose
932 2477 1123 2560 perversitas
1138 2480 1171 2540 et
1184 2473 1338 2551 versucia,
1351 2491 1433 2556 quas

303 2559 427 2644 allegat,
442 2561 478 2624 in
487 2561 648 2643 judicium
661 2568 815 2640 revocata,
831 2563 900 2628 sive
913 2561 1121 2646 poenitencia8
1133 2561 1261 2646 gravium
1276 2560 1433 2644 deprime-

303 2645 426 2710 rentur'
437 2645 495 2711 et¹⁰
505 2647 739 2730 dampnaretur.
775 2649 827 2726 Et,
835 2649 913 2733 quie
921 2649 961 2714 de
971 2649 1107 2714 veritate
1117 2669 1183 2713 non
1193 2647 1293 2713 habet
1302 2645 1433 2712 rectitu-

303 2731 446 2810 dinem,¹¹
460 2753 527 2796 non
548 2741 597 2798 est
618 2735 737 2798 mirum
750 2735 779 2799 si
792 2735 988 2801 freneciones
1003 2736 1119 2820 quaerit
1134 2739 1166 2800 et
1180 2735 1222 2800 ed
1236 2731 1433 2816 subterfugia

303 2818 457 2903 confugit,
468 2840 612 2903 quaerens
627 2841 682 2904 per
693 2821 818 2905 eulogia
832 2822 946 2886 absens
961 2823 1116 2906 injustam
1130 2841 1260 2886 causam
1273 2841 1365 2886 suam
1375 2839 1433 2904 pro

299 2907 389 2990 justa
402 2905 540 2970 reddere.
581 2907 667 2970 Nam
681 2907 721 2972 de
736 2907 874 2973 caeter0¹²
889 2909 1008 2973 cercius
1024 2909 1174 2993 estquod
1184 2929 1241 2973 rex
1255 2909 1332 2991 ipse,
1346 2911 1435 2970 sotor

304 2993 449 3058 omnium
463 2993 618 3057 scelerum
627 3014 698 3076 qua
708 2998 781 3077 post
790 3015 828 3058 ea
837 3000 914 3058 sunt
925 2995 1102 3072 subsecuto,
1112 2995 1234 3078 primus
1249 2991 1434 3071 seminarit;

305 3079 419 3145 deinde
434 3077 577 3144 octidie¹⁸
591 3080 786 3164 interregna
804 3082 927 3165 primus
949 3082 1132 3146 convolavit
1146 3082 1187 3146 ad
1201 3101 1297 3159 arma,
1311 3081 1434 3165 primus

305 3166 437 3230 hostiles
459 3166 662 3230 committens
684 3167 832 3232 incursus
854 3173 887 3233 et
908 3168 1064 3246 incendia,
1079 3168 1181 3234 caedes
1204 3174 1237 3232 et
1258 3167 1384 3242 scelera,
1398 3165 1435 3229 in

306 3273 401 3336 regno
412 3253 530 3318 Scociae
538 3254 748 3338 perpetrando
761 3255 868 3318 omnia
882 3253 974 3332 mala,
985 3263 1081 3339 prout
1091 3256 1160 3320 haec
1175 3255 1284 3339 capeio
1299 3260 1332 3320 et
1345 3253 1435 3324 deso·

304 3339 395 3415 laoio,
409 3359 485 3404 cum
499 3339 589 3404 clade
611 3341 753 3405 maxime
773 3340 893 3406 ibidem
915 3347 1094 3426 perpetrata
1115 3343 1332 3418 innocentum,
1346 3338 1436 3424 opidi

306 3425 440 3490 Berwici
451 3427 620 3492 manifesto
630 3427 800 3492 declarant
846 3429 923 3492 Post
937 3429 1028 3512 cujus
1039 3429 1250 3512 prodiciosam
1264 3434 1298 3493 et
1305 3427 1436 3511 nequis-

306 3513 421 3576 simam
430 3515 613 3597 capcionem
623 3514 702 3578 dicti
711 3515 799 3600 opidi
808 3514 976 3594 Bervvici,¹‘
985 3535 1021 3580 ao
1031 3515 1174 3580 caedem¹⁵
1183 3515 1436 3580 crudelissimam

305 3603 338 3663 et
346 3599 523 3664 mirandam
535 3601 632 3664 nimis
643 3609 714 3666 octo
728 3601 868 3666 millium
875 3623 1080 3687 personarum
1090 3601 1211 3667 ibidem
1225 3601 1436 3676 commissam,

305 3687 562 3772 confugientibus
584 3687 685 3752 eciam
699 3689 740 3753 ad
755 3689 921 3754 ecclesiam
935 3688 1110 3753 notabilem
1124 3688 1320 3766 mulieribus,
1334 3706 1437 3752 sacer-

354 3896 405 3948 1B.
420 3899 449 3949 0.
465 3898 496 3949 Ε.
510 3897 654 3949 dominum.
1085 3924 1088 3934 ·
1118 3897 1170 3951 ²0.
1184 3899 1302 3950 faulsem.

352 3965 364 4002 ³
376 3967 406 4019 (l.
422 3969 449 4021 u
463 3968 631 4035 responderi;
650 3972 678 4019 et
689 3967 760 4033 quod
773 3969 897 4035 prolixus.
1115 3967 1127 4004 ⁴
1139 3971 1167 4022 G.
1178 3969 1209 4020 Ε.
1224 3970 1392 4021 librarentur.

354 4035 407 4088 ‘R
421 4038 541 4091 credidit.
577 4039 606 4090 G,
620 4039 650 4090 Ε.
664 4037 850 4091 confidendum
860 4039 1008 4092 tradiderit.
1118 4039 1170 4094 ‘a
1184 4039 1334 4092 declinaret

354 4105 366 4142 7
378 4109 406 4159 0.
420 4110 546 4163 ammius.
1116 4107 1127 4142 ⁸
1139 4111 1168 4162 R
1182 4112 1257 4162 omia
1267 4109 1433 4178 poenitencia

353 4175 406 4230 ”R
420 4179 617 4246 deprimeretur.
654 4178 683 4230 0.
696 4179 727 4230 a
741 4178 958 4246 deprimerentur.
1107 4179 1129 4216 ¹⁰
1141 4181 1170 4234 u
1184 4181 1233 4234 vel.

343 4247 364 4282 ¹¹
377 4249 405 4300 Ο.
419 4250 449 4301 E.
462 4254 524 4302 erait
535 4251 730 4302 rectitudinem.

343 4315 364 4351 ¹²
376 4321 404 4370 0.
419 4320 448 4370 E.
462 4327 535 4372 certo
547 4321 601 4371 and
612 4325 672 4372 omit
684 4321 724 4371 de.
1107 4320 1128 4355 ¹³
1141 4319 1434 4386 O.E.dieusterblauk.

342 4387 364 4422 ¹⁴
376 4389 405 4441 B.
419 4394 493 4444 omia
506 4391 801 4444 manifeste-Berwici
892 4414 897 4426 ·
1109 4391 1132 4428 ¹³
1144 4393 1173 4445 0.
1185 4391 1282 4444 eedem.
