<?xml version="1.0" encoding="UTF-8"?>
<!DOCTYPE html PUBLIC "-//W3C//DTD XHTML 1.0 Transitional//EN"
    "http://www.w3.org/TR/xhtml1/DTD/xhtml1-transitional.dtd">
<html xmlns="http://www.w3.org/1999/xhtml" xml:lang="en" lang="en">
 <head>
  <title>
</title>
<meta http-equiv="Content-Type" content="text/html;charset=utf-8" />
  <meta name='ocr-system' content='tesseract 3.04.00' />
  <meta name='ocr-capabilities' content='ocr_page ocr_carea ocr_par ocr_line ocrx_word'/>
</head>
<body>
  <div class='ocr_page' id='page_1' title='image "./liberpluscarden01skengoog_0306.png"; bbox 0 0 3286 5112; ppageno 0'>
   <div class='ocr_carea' id='block_1_1' title="bbox 691 483 1067 534">
    <p class='ocr_par' dir='ltr' id='par_1_1' title="bbox 691 483 1067 534">
     <span class='ocr_line' id='line_1_1' title="bbox 691 483 1067 534; baseline -0.003 -1"><span class='ocrx_word' id='word_1_1' title='bbox 691 485 786 534; x_wconf 79' lang='lat' dir='ltr'><strong>LIBER</strong></span> <span class='ocrx_word' id='word_1_2' title='bbox 800 483 1067 533; x_wconf 79' lang='lat' dir='ltr'>PLUSGARDENSIS.</span> 
     </span>
    </p>
   </div>
   <div class='ocr_carea' id='block_1_2' title="bbox 552 714 1203 799">
    <p class='ocr_par' dir='ltr' id='par_1_2' title="bbox 552 714 1203 799">
     <span class='ocr_line' id='line_1_2' title="bbox 552 714 1203 799; baseline -0.003 -15"><span class='ocrx_word' id='word_1_3' title='bbox 552 715 712 799; x_wconf 67' lang='lat' dir='ltr'>§acuitur</span> <span class='ocrx_word' id='word_1_4' title='bbox 727 716 764 783; x_wconf 77' lang='lat' dir='ltr'>ab</span> <span class='ocrx_word' id='word_1_5' title='bbox 781 715 840 784; x_wconf 80' lang='lat' dir='ltr'>buc</span> <span class='ocrx_word' id='word_1_6' title='bbox 853 715 890 783; x_wconf 79' lang='lat' dir='ltr'>bo</span> <span class='ocrx_word' id='word_1_7' title='bbox 903 714 1097 784; x_wconf 73' lang='lat' dir='ltr'>ouban-ll.</span> <span class='ocrx_word' id='word_1_8' title='bbox 1114 714 1203 782; x_wconf 72' lang='lat' dir='ltr'>xciii,</span> 
     </span>
    </p>
   </div>
   <div class='ocr_carea' id='block_1_3' title="bbox 317 854 1439 964">
    <p class='ocr_par' dir='ltr' id='par_1_3' title="bbox 317 854 1439 964">
     <span class='ocr_line' id='line_1_3' title="bbox 317 854 1439 964; baseline 0.001 -22"><span class='ocrx_word' id='word_1_9' title='bbox 317 854 451 952; x_wconf 57' lang='lat' dir='ltr'>PER</span> <span class='ocrx_word' id='word_1_10' title='bbox 465 899 632 944; x_wconf 88' lang='lat' dir='ltr'>commune</span> <span class='ocrx_word' id='word_1_11' title='bbox 645 879 775 964; x_wconf 90' lang='lat' dir='ltr'>insuper</span> <span class='ocrx_word' id='word_1_12' title='bbox 790 878 958 943; x_wconf 76' lang='lat' dir='ltr'>concilim</span> <span class='ocrx_word' id='word_1_13' title='bbox 971 878 1065 942; x_wconf 88' lang='lat' dir='ltr'>istius</span> <span class='ocrx_word' id='word_1_14' title='bbox 1079 877 1161 962; x_wconf 87' lang='lat' dir='ltr'>regis</span> <span class='ocrx_word' id='word_1_15' title='bbox 1169 876 1304 962; x_wconf 78' lang='lat' dir='ltr'>Angliae,</span> <span class='ocrx_word' id='word_1_16' title='bbox 1317 897 1439 943; x_wconf 91' lang='lat' dir='ltr'>necnon</span> 
     </span>
    </p>
   </div>
   <div class='ocr_carea' id='block_1_4' title="bbox 315 965 1440 1482">
    <p class='ocr_par' dir='ltr' id='par_1_4' title="bbox 315 965 1440 1482">
     <span class='ocr_line' id='line_1_4' title="bbox 316 965 1440 1051; baseline -0.003 -20"><span class='ocrx_word' id='word_1_17' title='bbox 316 971 349 1032; x_wconf 89' lang='lat' dir='ltr'>et</span> <span class='ocrx_word' id='word_1_18' title='bbox 371 976 429 1050; x_wconf 90' lang='lat' dir='ltr'>per</span> <span class='ocrx_word' id='word_1_19' title='bbox 453 965 606 1050; x_wconf 85' lang='lat' dir='ltr'>quosdam</span> <span class='ocrx_word' id='word_1_20' title='bbox 630 967 791 1051; x_wconf 85' lang='lat' dir='ltr'>episcopos</span> <span class='ocrx_word' id='word_1_21' title='bbox 814 965 915 1030; x_wconf 89' lang='lat' dir='ltr'>eciam</span> <span class='ocrx_word' id='word_1_22' title='bbox 935 965 1096 1049; x_wconf 82' lang='lat' dir='ltr'>Anglicos,</span> <span class='ocrx_word' id='word_1_23' title='bbox 1116 965 1201 1029; x_wconf 87' lang='lat' dir='ltr'>inter</span> <span class='ocrx_word' id='word_1_24' title='bbox 1221 983 1299 1047; x_wconf 89' lang='lat' dir='ltr'>quos</span> <span class='ocrx_word' id='word_1_25' title='bbox 1321 965 1440 1046; x_wconf 91' lang='lat' dir='ltr'>princi-</span> 
     </span>
     <span class='ocr_line' id='line_1_5' title="bbox 315 1051 1440 1137; baseline -0.002 -20"><span class='ocrx_word' id='word_1_26' title='bbox 315 1053 410 1137; x_wconf 85' lang='lat' dir='ltr'>palis¹</span> <span class='ocrx_word' id='word_1_27' title='bbox 425 1053 533 1117; x_wconf 84' lang='lat' dir='ltr'>extitit</span> <span class='ocrx_word' id='word_1_28' title='bbox 546 1053 596 1116; x_wconf 89' lang='lat' dir='ltr'>vir</span> <span class='ocrx_word' id='word_1_29' title='bbox 609 1073 714 1136; x_wconf 72' lang='lat' dir='ltr'>porres</span> <span class='ocrx_word' id='word_1_30' title='bbox 736 1051 915 1136; x_wconf 88' lang='lat' dir='ltr'>prudenciae</span> <span class='ocrx_word' id='word_1_31' title='bbox 929 1059 962 1116; x_wconf 88' lang='lat' dir='ltr'>et</span> <span class='ocrx_word' id='word_1_32' title='bbox 980 1051 1101 1115; x_wconf 89' lang='lat' dir='ltr'>nullius</span> <span class='ocrx_word' id='word_1_33' title='bbox 1123 1051 1273 1126; x_wconf 80' lang='lat' dir='ltr'>sciencia,</span> <span class='ocrx_word' id='word_1_34' title='bbox 1287 1051 1440 1136; x_wconf 89' lang='lat' dir='ltr'>archiepi-</span> 
     </span>
     <span class='ocr_line' id='line_1_6' title="bbox 315 1137 1439 1223; baseline -0.004 -19"><span class='ocrx_word' id='word_1_35' title='bbox 315 1159 430 1222; x_wconf 82' lang='lat' dir='ltr'>scopus</span> <span class='ocrx_word' id='word_1_36' title='bbox 441 1138 730 1216; x_wconf 83' lang='lat' dir='ltr'>Hardmachanus‚²</span> <span class='ocrx_word' id='word_1_37' title='bbox 741 1137 899 1221; x_wconf 78' lang='lat' dir='ltr'>quoddam</span> <span class='ocrx_word' id='word_1_38' title='bbox 910 1137 1064 1221; x_wconf 73' lang='lat' dir='ltr'>iniquum&#39;</span> <span class='ocrx_word' id='word_1_39' title='bbox 1069 1143 1225 1201; x_wconf 84' lang='lat' dir='ltr'>statutum</span> <span class='ocrx_word' id='word_1_40' title='bbox 1235 1137 1351 1200; x_wconf 85' lang='lat' dir='ltr'>factum</span> <span class='ocrx_word' id='word_1_41' title='bbox 1364 1137 1439 1223; x_wconf 85' lang='lat' dir='ltr'>[ast]</span> 
     </span>
     <span class='ocr_line' id='line_1_7' title="bbox 315 1223 1439 1310; baseline 0 -22"><span class='ocrx_word' id='word_1_42' title='bbox 315 1227 351 1289; x_wconf 94' lang='lat' dir='ltr'>in</span> <span class='ocrx_word' id='word_1_43' title='bbox 367 1226 529 1302; x_wconf 89' lang='lat' dir='ltr'>Hibernia,</span> <span class='ocrx_word' id='word_1_44' title='bbox 544 1226 629 1310; x_wconf 93' lang='lat' dir='ltr'>quod</span> <span class='ocrx_word' id='word_1_45' title='bbox 650 1225 831 1290; x_wconf 76' lang='lat' dir='ltr'><strong>inhibeatur</strong></span> <span class='ocrx_word' id='word_1_46' title='bbox 845 1225 992 1288; x_wconf 85' lang='lat' dir='ltr'>omnibus</span> <span class='ocrx_word' id='word_1_47' title='bbox 1013 1223 1166 1308; x_wconf 81' lang='lat' dir='ltr'>religiosis</span> <span class='ocrx_word' id='word_1_48' title='bbox 1180 1223 1237 1306; x_wconf 92' lang='lat' dir='ltr'>qui</span> <span class='ocrx_word' id='word_1_49' title='bbox 1258 1231 1386 1287; x_wconf 87' lang='lat' dir='ltr'>manent</span> <span class='ocrx_word' id='word_1_50' title='bbox 1402 1226 1439 1288; x_wconf 91' lang='lat' dir='ltr'>in</span> 
     </span>
     <span class='ocr_line' id='line_1_8' title="bbox 316 1309 1437 1396; baseline -0.002 -19"><span class='ocrx_word' id='word_1_51' title='bbox 316 1318 399 1377; x_wconf 82' lang='lat' dir='ltr'>tens</span> <span class='ocrx_word' id='word_1_52' title='bbox 422 1313 507 1396; x_wconf 80' lang='lat' dir='ltr'>pacis</span> <span class='ocrx_word' id='word_1_53' title='bbox 530 1313 615 1377; x_wconf 87' lang='lat' dir='ltr'>inter</span> <span class='ocrx_word' id='word_1_54' title='bbox 638 1311 797 1395; x_wconf 86' lang='lat' dir='ltr'>Angh&#39;coa,</span> <span class='ocrx_word' id='word_1_55' title='bbox 820 1310 906 1394; x_wconf 91' lang='lat' dir='ltr'>quod</span> <span class='ocrx_word' id='word_1_56' title='bbox 928 1331 993 1375; x_wconf 91' lang='lat' dir='ltr'>non</span> <span class='ocrx_word' id='word_1_57' title='bbox 1016 1311 1171 1393; x_wconf 86' lang='lat' dir='ltr'>recipiant</span> <span class='ocrx_word' id='word_1_58' title='bbox 1194 1309 1357 1374; x_wconf 89' lang='lat' dir='ltr'>inordina</span> <span class='ocrx_word' id='word_1_59' title='bbox 1379 1331 1437 1374; x_wconf 89' lang='lat' dir='ltr'>suo</span> 
     </span>
     <span class='ocr_line' id='line_1_9' title="bbox 316 1393 1436 1482; baseline -0.003 -19"><span class='ocrx_word' id='word_1_60' title='bbox 316 1420 375 1464; x_wconf 90' lang='lat' dir='ltr'>nee</span> <span class='ocrx_word' id='word_1_61' title='bbox 396 1398 548 1482; x_wconf 87' lang='lat' dir='ltr'>religione</span> <span class='ocrx_word' id='word_1_62' title='bbox 562 1398 626 1462; x_wconf 88' lang='lat' dir='ltr'>nisi</span> <span class='ocrx_word' id='word_1_63' title='bbox 639 1405 768 1462; x_wconf 87' lang='lat' dir='ltr'>tantum</span> <span class='ocrx_word' id='word_1_64' title='bbox 782 1397 822 1462; x_wconf 91' lang='lat' dir='ltr'>dc</span> <span class='ocrx_word' id='word_1_65' title='bbox 835 1397 967 1462; x_wconf 86' lang='lat' dir='ltr'>nacione</span> <span class='ocrx_word' id='word_1_66' title='bbox 982 1396 1127 1481; x_wconf 87' lang='lat' dir='ltr'>Anglise;</span> <span class='ocrx_word' id='word_1_67' title='bbox 1149 1393 1194 1461; x_wconf 77' lang='lat' dir='ltr'>ct³</span> <span class='ocrx_word' id='word_1_68' title='bbox 1209 1396 1235 1460; x_wconf 65' lang='lat' dir='ltr'>a*</span> <span class='ocrx_word' id='word_1_69' title='bbox 1246 1397 1436 1460; x_wconf 82' lang='lat' dir='ltr'>contrarium</span> 
     </span>
    </p>
   </div>
   <div class='ocr_carea' id='block_1_5' title="bbox 315 1449 1628 1568">
    <p class='ocr_par' dir='ltr' id='par_1_5' title="bbox 315 1449 1628 1568">
     <span class='ocr_line' id='line_1_10' title="bbox 315 1449 1628 1568; baseline -0.007 -18"><span class='ocrx_word' id='word_1_70' title='bbox 315 1486 437 1550; x_wconf 85' lang='lat' dir='ltr'>factum</span> <span class='ocrx_word' id='word_1_71' title='bbox 454 1485 558 1560; x_wconf 85' lang='lat' dir='ltr'>fuerit,</span> <span class='ocrx_word' id='word_1_72' title='bbox 572 1483 775 1568; x_wconf 85' lang='lat' dir='ltr'>punie[n]t·ur</span> <span class='ocrx_word' id='word_1_73' title='bbox 788 1505 808 1548; x_wconf 95' lang='lat' dir='ltr'>a</span> <span class='ocrx_word' id='word_1_74' title='bbox 821 1505 893 1568; x_wconf 87' lang='lat' dir='ltr'>rege</span> <span class='ocrx_word' id='word_1_75' title='bbox 914 1491 1067 1566; x_wconf 88' lang='lat' dir='ltr'>tanquam</span> <span class='ocrx_word' id='word_1_76' title='bbox 1089 1479 1246 1567; x_wconf 75' lang='lat' dir='ltr'>praecepti⁴</span> <span class='ocrx_word' id='word_1_77' title='bbox 1259 1482 1341 1566; x_wconf 89' lang='lat' dir='ltr'>regis</span> <span class='ocrx_word' id='word_1_78' title='bbox 1362 1504 1436 1547; x_wconf 89' lang='lat' dir='ltr'>con·</span> <span class='ocrx_word' id='word_1_79' title='bbox 1525 1505 1533 1522; x_wconf 90' lang='lat'><strong>·</strong></span> <span class='ocrx_word' id='word_1_80' title='bbox 1627 1449 1628 1460; x_wconf 9' lang='grc' dir='ltr'>ἵ</span> 
     </span>
    </p>
   </div>
   <div class='ocr_carea' id='block_1_6' title="bbox 315 1567 1481 4076">
    <p class='ocr_par' dir='ltr' id='par_1_6' title="bbox 315 1567 1481 4076">
     <span class='ocr_line' id='line_1_11' title="bbox 316 1567 1435 1655; baseline -0.002 -20"><span class='ocrx_word' id='word_1_81' title='bbox 316 1577 495 1655; x_wconf 90' lang='lat' dir='ltr'>temptores.</span> <span class='ocrx_word' id='word_1_82' title='bbox 540 1570 620 1634; x_wconf 88' lang='lat' dir='ltr'>Haec</span> <span class='ocrx_word' id='word_1_83' title='bbox 642 1570 761 1635; x_wconf 79' lang='lat' dir='ltr'>etenim</span> <span class='ocrx_word' id='word_1_84' title='bbox 783 1577 816 1634; x_wconf 92' lang='lat' dir='ltr'>et</span> <span class='ocrx_word' id='word_1_85' title='bbox 834 1569 937 1634; x_wconf 90' lang='lat' dir='ltr'>multa</span> <span class='ocrx_word' id='word_1_86' title='bbox 958 1569 1021 1633; x_wconf 89' lang='lat' dir='ltr'>alia</span> <span class='ocrx_word' id='word_1_87' title='bbox 1041 1569 1197 1634; x_wconf 83' lang='lat' dir='ltr'>horrende</span> <span class='ocrx_word' id='word_1_88' title='bbox 1212 1567 1297 1631; x_wconf 81' lang='lat' dir='ltr'>mala</span> <span class='ocrx_word' id='word_1_89' title='bbox 1311 1575 1345 1632; x_wconf 91' lang='lat' dir='ltr'>et</span> <span class='ocrx_word' id='word_1_90' title='bbox 1365 1576 1435 1633; x_wconf 87' lang='lat' dir='ltr'>sota</span> 
     </span>
     <span class='ocr_line' id='line_1_12' title="bbox 315 1653 1436 1739; baseline -0.001 -18"><span class='ocrx_word' id='word_1_91' title='bbox 315 1657 473 1721; x_wconf 88' lang='lat' dir='ltr'>mirabilia</span> <span class='ocrx_word' id='word_1_92' title='bbox 487 1657 609 1720; x_wconf 85' lang='lat' dir='ltr'>faciunt</span> <span class='ocrx_word' id='word_1_93' title='bbox 619 1656 778 1739; x_wconf 64' lang='lat' dir='ltr'>pmdictae</span> <span class='ocrx_word' id='word_1_94' title='bbox 788 1657 915 1720; x_wconf 88' lang='lat' dir='ltr'>nacioni</span> <span class='ocrx_word' id='word_1_95' title='bbox 928 1656 1110 1720; x_wconf 86' lang='lat' dir='ltr'>Hibernicae</span> <span class='ocrx_word' id='word_1_96' title='bbox 1120 1655 1144 1734; x_wconf 71' lang='grc'>;5</span> <span class='ocrx_word' id='word_1_97' title='bbox 1165 1673 1239 1739; x_wconf 85' lang='lat' dir='ltr'>quse,</span> <span class='ocrx_word' id='word_1_98' title='bbox 1249 1653 1326 1719; x_wconf 87' lang='lat' dir='ltr'>licet</span> <span class='ocrx_word' id='word_1_99' title='bbox 1334 1657 1436 1720; x_wconf 92' lang='lat' dir='ltr'>omni·</span> 
     </span>
     <span class='ocr_line' id='line_1_13' title="bbox 316 1739 1436 1826; baseline -0.001 -18"><span class='ocrx_word' id='word_1_100' title='bbox 316 1743 377 1808; x_wconf 85' lang='lat' dir='ltr'>bus</span> <span class='ocrx_word' id='word_1_101' title='bbox 400 1743 589 1807; x_wconf 78' lang='lat' dir='ltr'>Christianis</span> <span class='ocrx_word' id='word_1_102' title='bbox 610 1741 794 1826; x_wconf 89' lang='lat' dir='ltr'>hujusmodi</span> <span class='ocrx_word' id='word_1_103' title='bbox 816 1743 900 1807; x_wconf 84' lang='lat' dir='ltr'>facts</span> <span class='ocrx_word' id='word_1_104' title='bbox 921 1742 1167 1806; x_wconf 79' lang='lat' dir='ltr'>abhominabilis</span> <span class='ocrx_word' id='word_1_105' title='bbox 1187 1745 1215 1804; x_wconf 83' lang='lat' dir='ltr'>st</span> <span class='ocrx_word' id='word_1_106' title='bbox 1236 1739 1436 1807; x_wconf 87' lang='lat' dir='ltr'>detestabilia</span> 
     </span>
     <span class='ocr_line' id='line_1_14' title="bbox 315 1825 1436 1913; baseline -0.001 -20"><span class='ocrx_word' id='word_1_107' title='bbox 315 1828 473 1906; x_wconf 88' lang='lat' dir='ltr'>videntur,</span> <span class='ocrx_word' id='word_1_108' title='bbox 488 1829 554 1893; x_wconf 90' lang='lat' dir='ltr'>illis</span> <span class='ocrx_word' id='word_1_109' title='bbox 568 1835 676 1893; x_wconf 90' lang='lat' dir='ltr'>tamen</span> <span class='ocrx_word' id='word_1_110' title='bbox 689 1828 834 1913; x_wconf 87' lang='lat' dir='ltr'>Anglicis</span> <span class='ocrx_word' id='word_1_111' title='bbox 849 1828 1044 1893; x_wconf 89' lang='lat' dir='ltr'>honorabilia</span> <span class='ocrx_word' id='word_1_112' title='bbox 1066 1849 1102 1892; x_wconf 87' lang='lat' dir='ltr'>ac</span> <span class='ocrx_word' id='word_1_113' title='bbox 1117 1829 1210 1894; x_wconf 81' lang='lat' dir='ltr'>eciem</span> <span class='ocrx_word' id='word_1_114' title='bbox 1224 1825 1318 1892; x_wconf 88' lang='lat' dir='ltr'>laude</span> <span class='ocrx_word' id='word_1_115' title='bbox 1339 1828 1436 1912; x_wconf 83' lang='lat' dir='ltr'>digna</span> 
     </span>
     <span class='ocr_line' id='line_1_15' title="bbox 316 1913 1433 2000; baseline -0.001 -20"><span class='ocrx_word' id='word_1_116' title='bbox 316 1923 480 1999; x_wconf 87' lang='lat' dir='ltr'>apparent,</span> <span class='ocrx_word' id='word_1_117' title='bbox 494 1937 531 1980; x_wconf 90' lang='lat' dir='ltr'>ao</span> <span class='ocrx_word' id='word_1_118' title='bbox 545 1915 631 1999; x_wconf 93' lang='lat' dir='ltr'>quod</span> <span class='ocrx_word' id='word_1_119' title='bbox 645 1923 774 2000; x_wconf 92' lang='lat' dir='ltr'>propter</span> <span class='ocrx_word' id='word_1_120' title='bbox 787 1915 854 1980; x_wconf 87' lang='lat' dir='ltr'>haec</span> <span class='ocrx_word' id='word_1_121' title='bbox 869 1915 993 1980; x_wconf 82' lang='lat' dir='ltr'>nnllam</span> <span class='ocrx_word' id='word_1_122' title='bbox 1008 1915 1225 1980; x_wconf 84' lang='lat' dir='ltr'>correcciomm</span> <span class='ocrx_word' id='word_1_123' title='bbox 1244 1913 1313 1978; x_wconf 89' lang='lat' dir='ltr'>sive</span> <span class='ocrx_word' id='word_1_124' title='bbox 1327 1935 1433 1979; x_wconf 92' lang='lat' dir='ltr'>emen·</span> 
     </span>
     <span class='ocr_line' id='line_1_16' title="bbox 317 2001 1434 2086; baseline 0.001 -21"><span class='ocrx_word' id='word_1_125' title='bbox 317 2001 391 2066; x_wconf 92' lang='lat' dir='ltr'>dam</span> <span class='ocrx_word' id='word_1_126' title='bbox 401 2002 470 2067; x_wconf 85' lang='lat' dir='ltr'>fieri</span> <span class='ocrx_word' id='word_1_127' title='bbox 483 2003 680 2085; x_wconf 86' lang='lat' dir='ltr'>permittunt.</span> <span class='ocrx_word' id='word_1_128' title='bbox 713 2001 938 2086; x_wconf 83' lang='lat' dir='ltr'>Dogmatizant</span> <span class='ocrx_word' id='word_1_129' title='bbox 949 2001 1049 2066; x_wconf 90' lang='lat' dir='ltr'>eciam</span> <span class='ocrx_word' id='word_1_130' title='bbox 1059 2001 1221 2066; x_wconf 80' lang='lat' dir='ltr'>hereticam</span> <span class='ocrx_word' id='word_1_131' title='bbox 1236 2001 1434 2082; x_wconf 72' lang='lat' dir='ltr'>pravitatem,</span> 
     </span>
     <span class='ocr_line' id='line_1_17' title="bbox 316 2085 1433 2173; baseline -0.001 -20"><span class='ocrx_word' id='word_1_132' title='bbox 316 2109 382 2153; x_wconf 90' lang='lat' dir='ltr'>non</span> <span class='ocrx_word' id='word_1_133' title='bbox 407 2088 511 2154; x_wconf 91' lang='lat' dir='ltr'>solum</span> <span class='ocrx_word' id='word_1_134' title='bbox 532 2088 647 2166; x_wconf 85' lang='lat' dir='ltr'>clerici,</span> <span class='ocrx_word' id='word_1_135' title='bbox 661 2109 769 2173; x_wconf 83' lang='lat' dir='ltr'>ymmo</span> <span class='ocrx_word' id='word_1_136' title='bbox 791 2087 955 2152; x_wconf 87' lang='lat' dir='ltr'>saeculares</span> <span class='ocrx_word' id='word_1_137' title='bbox 978 2095 1010 2152; x_wconf 89' lang='lat' dir='ltr'>et</span> <span class='ocrx_word' id='word_1_138' title='bbox 1031 2088 1170 2172; x_wconf 79' lang='lat' dir='ltr'>religiosi</span> <span class='ocrx_word' id='word_1_139' title='bbox 1185 2085 1326 2152; x_wconf 89' lang='lat' dir='ltr'>dicentes</span> <span class='ocrx_word' id='word_1_140' title='bbox 1347 2089 1433 2172; x_wconf 81' lang='lat' dir='ltr'>qupd</span> 
     </span>
     <span class='ocr_line' id='line_1_18' title="bbox 315 2175 1434 2348; baseline 0 -22"><span class='ocrx_word' id='word_1_141' title='bbox 315 2175 1225 2348; x_wconf 40' lang='lat' dir='ltr'>sufflandi&amp;bimbani</span> <span class='ocrx_word' id='word_1_142' title='bbox 1245 2175 1434 2326; x_wconf 45' lang='lat' dir='ltr'>&amp;aad</span> 
     </span>
     <span class='ocr_line' id='line_1_19' title="bbox 458 2310 1234 2341; baseline -0.006 0"><span class='ocrx_word' id='word_1_143' title='bbox 458 2312 466 2341; x_wconf 57' lang='grc' dir='ltr'><em>θ</em></span> <span class='ocrx_word' id='word_1_144' title='bbox 776 2313 784 2338; x_wconf 63' lang='lat' dir='ltr'>i</span> <span class='ocrx_word' id='word_1_145' title='bbox 1226 2310 1234 2336; x_wconf 73' lang='lat'><em>2</em></span> 
     </span>
     <span class='ocr_line' id='line_1_20' title="bbox 317 2346 1432 2416; baseline -0.004 0"><span class='ocrx_word' id='word_1_146' title='bbox 317 2349 406 2416; x_wconf 88' lang='lat' dir='ltr'>oicne</span> <span class='ocrx_word' id='word_1_147' title='bbox 430 2348 611 2414; x_wconf 82' lang='lat' dir='ltr'>divinorum</span> <span class='ocrx_word' id='word_1_148' title='bbox 632 2349 746 2414; x_wconf 87' lang='lat' dir='ltr'>debeat</span> <span class='ocrx_word' id='word_1_149' title='bbox 766 2369 800 2413; x_wconf 87' lang='lat' dir='ltr'>aa</span> <span class='ocrx_word' id='word_1_150' title='bbox 822 2348 988 2413; x_wconf 88' lang='lat' dir='ltr'>abstinere.</span> <span class='ocrx_word' id='word_1_151' title='bbox 1032 2349 1134 2411; x_wconf 78' lang='lat' dir='ltr'>Tanta</span> <span class='ocrx_word' id='word_1_152' title='bbox 1152 2350 1196 2413; x_wconf 78' lang='lat' dir='ltr'>est</span> <span class='ocrx_word' id='word_1_153' title='bbox 1217 2346 1302 2410; x_wconf 91' lang='lat' dir='ltr'>enim</span> <span class='ocrx_word' id='word_1_154' title='bbox 1324 2367 1432 2412; x_wconf 88' lang='lat' dir='ltr'>eorum</span> 
     </span>
     <span class='ocr_line' id='line_1_21' title="bbox 317 2433 1432 2521; baseline -0.002 -20"><span class='ocrx_word' id='word_1_155' title='bbox 317 2436 479 2501; x_wconf 83' lang='lat' dir='ltr'>excessivo</span> <span class='ocrx_word' id='word_1_156' title='bbox 507 2436 655 2521; x_wconf 91' lang='lat' dir='ltr'>superbia</span> <span class='ocrx_word' id='word_1_157' title='bbox 683 2441 716 2500; x_wconf 88' lang='lat' dir='ltr'>et</span> <span class='ocrx_word' id='word_1_158' title='bbox 744 2433 930 2500; x_wconf 90' lang='lat' dir='ltr'>dominandi</span> <span class='ocrx_word' id='word_1_159' title='bbox 954 2433 1062 2512; x_wconf 91' lang='lat' dir='ltr'>libido,</span> <span class='ocrx_word' id='word_1_160' title='bbox 1088 2440 1122 2498; x_wconf 91' lang='lat' dir='ltr'>et</span> <span class='ocrx_word' id='word_1_161' title='bbox 1149 2451 1206 2496; x_wconf 79' lang='lat' dir='ltr'>sm</span> <span class='ocrx_word' id='word_1_162' title='bbox 1230 2433 1432 2517; x_wconf 79' lang='lat' dir='ltr'>importabile</span> 
     </span>
     <span class='ocr_line' id='line_1_22' title="bbox 316 2517 1432 2606; baseline -0.001 -20"><span class='ocrx_word' id='word_1_163' title='bbox 316 2522 409 2587; x_wconf 89' lang='lat' dir='ltr'>nobis</span> <span class='ocrx_word' id='word_1_164' title='bbox 424 2543 533 2587; x_wconf 89' lang='lat' dir='ltr'>eorum</span> <span class='ocrx_word' id='word_1_165' title='bbox 547 2521 710 2586; x_wconf 85' lang='lat' dir='ltr'>servitutis</span> <span class='ocrx_word' id='word_1_166' title='bbox 721 2522 843 2606; x_wconf 86' lang='lat' dir='ltr'>jugum,</span> <span class='ocrx_word' id='word_1_167' title='bbox 858 2521 943 2605; x_wconf 93' lang='lat' dir='ltr'>quod</span> <span class='ocrx_word' id='word_1_168' title='bbox 957 2517 1179 2604; x_wconf 86' lang='lat' dir='ltr'>nuncquamln</span> <span class='ocrx_word' id='word_1_169' title='bbox 1193 2517 1253 2583; x_wconf 88' lang='lat' dir='ltr'>hac</span> <span class='ocrx_word' id='word_1_170' title='bbox 1266 2521 1335 2584; x_wconf 85' lang='lat' dir='ltr'>vita</span> <span class='ocrx_word' id='word_1_171' title='bbox 1347 2521 1432 2585; x_wconf 87' lang='lat' dir='ltr'>inter</span> 
     </span>
     <span class='ocr_line' id='line_1_23' title="bbox 316 2606 1431 2690; baseline 0 -19"><span class='ocrx_word' id='word_1_172' title='bbox 316 2628 376 2672; x_wconf 90' lang='lat' dir='ltr'>nos</span> <span class='ocrx_word' id='word_1_173' title='bbox 397 2614 431 2673; x_wconf 91' lang='lat' dir='ltr'>et</span> <span class='ocrx_word' id='word_1_174' title='bbox 444 2629 497 2673; x_wconf 88' lang='lat' dir='ltr'>eoa</span> <span class='ocrx_word' id='word_1_175' title='bbox 518 2613 586 2673; x_wconf 89' lang='lat' dir='ltr'>erat</span> <span class='ocrx_word' id='word_1_176' title='bbox 598 2608 652 2672; x_wconf 85' lang='lat' dir='ltr'>vel</span> <span class='ocrx_word' id='word_1_177' title='bbox 674 2608 734 2673; x_wconf 86' lang='lat' dir='ltr'>erit</span> <span class='ocrx_word' id='word_1_178' title='bbox 754 2629 843 2672; x_wconf 88' lang='lat' dir='ltr'>amor</span> <span class='ocrx_word' id='word_1_179' title='bbox 860 2607 913 2672; x_wconf 86' lang='lat' dir='ltr'>vel</span> <span class='ocrx_word' id='word_1_180' title='bbox 935 2607 1086 2672; x_wconf 89' lang='lat' dir='ltr'>dileccio:</span> <span class='ocrx_word' id='word_1_181' title='bbox 1107 2625 1204 2690; x_wconf 82' lang='lat' dir='ltr'>ynmo</span> <span class='ocrx_word' id='word_1_182' title='bbox 1226 2606 1431 2671; x_wconf 79' lang='lat' dir='ltr'>inimiciciam</span> 
     </span>
     <span class='ocr_line' id='line_1_24' title="bbox 316 2691 1430 2779; baseline 0.001 -22"><span class='ocrx_word' id='word_1_183' title='bbox 316 2695 400 2757; x_wconf 89' lang='lat' dir='ltr'>inter</span> <span class='ocrx_word' id='word_1_184' title='bbox 423 2715 480 2759; x_wconf 91' lang='lat' dir='ltr'>nos</span> <span class='ocrx_word' id='word_1_185' title='bbox 503 2695 673 2779; x_wconf 87' lang='lat' dir='ltr'>capitalem</span> <span class='ocrx_word' id='word_1_186' title='bbox 698 2699 730 2758; x_wconf 93' lang='lat' dir='ltr'>et</span> <span class='ocrx_word' id='word_1_187' title='bbox 755 2694 933 2758; x_wconf 88' lang='lat' dir='ltr'>naturalem</span> <span class='ocrx_word' id='word_1_188' title='bbox 958 2693 1120 2770; x_wconf 88' lang='lat' dir='ltr'>hahemus,</span> <span class='ocrx_word' id='word_1_189' title='bbox 1143 2691 1229 2776; x_wconf 69' lang='lat' dir='ltr'>prodl</span> <span class='ocrx_word' id='word_1_190' title='bbox 1247 2713 1430 2777; x_wconf 89' lang='lat' dir='ltr'>nuncquam</span> 
     </span>
     <span class='ocr_line' id='line_1_25' title="bbox 316 2778 1430 2864; baseline 0 -20"><span class='ocrx_word' id='word_1_191' title='bbox 316 2780 434 2864; x_wconf 88' lang='lat' dir='ltr'>poterit</span> <span class='ocrx_word' id='word_1_192' title='bbox 447 2781 531 2844; x_wconf 86' lang='lat' dir='ltr'>inter</span> <span class='ocrx_word' id='word_1_193' title='bbox 545 2802 603 2845; x_wconf 87' lang='lat' dir='ltr'>nos</span> <span class='ocrx_word' id='word_1_194' title='bbox 614 2780 724 2845; x_wconf 90' lang='lat' dir='ltr'>haberi</span> <span class='ocrx_word' id='word_1_195' title='bbox 737 2781 859 2845; x_wconf 87' lang='lat' dir='ltr'>sincera</span> <span class='ocrx_word' id='word_1_196' title='bbox 873 2781 1039 2845; x_wconf 84' lang='lat' dir='ltr'>concordio</span> <span class='ocrx_word' id='word_1_197' title='bbox 1048 2779 1102 2845; x_wconf 87' lang='lat' dir='ltr'>vel</span> <span class='ocrx_word' id='word_1_198' title='bbox 1113 2778 1252 2856; x_wconf 87' lang='lat' dir='ltr'>anicicia,</span> <span class='ocrx_word' id='word_1_199' title='bbox 1263 2780 1303 2844; x_wconf 93' lang='lat' dir='ltr'>ob</span> <span class='ocrx_word' id='word_1_200' title='bbox 1318 2800 1430 2863; x_wconf 87' lang='lat' dir='ltr'>paren-</span> 
     </span>
     <span class='ocr_line' id='line_1_26' title="bbox 317 2865 1429 2932; baseline 0.003 -3"><span class='ocrx_word' id='word_1_201' title='bbox 317 2870 389 2929; x_wconf 86' lang='lat' dir='ltr'>tum</span> <span class='ocrx_word' id='word_1_202' title='bbox 403 2871 435 2930; x_wconf 91' lang='lat' dir='ltr'>et</span> <span class='ocrx_word' id='word_1_203' title='bbox 449 2867 623 2931; x_wconf 87' lang='lat' dir='ltr'>amicorum</span> <span class='ocrx_word' id='word_1_204' title='bbox 636 2873 815 2931; x_wconf 87' lang='lat' dir='ltr'>nostrorum</span> <span class='ocrx_word' id='word_1_205' title='bbox 829 2887 939 2931; x_wconf 84' lang='lat' dir='ltr'>necem</span> <span class='ocrx_word' id='word_1_206' title='bbox 961 2867 1089 2931; x_wconf 82' lang='lat' dir='ltr'>suborta</span> <span class='ocrx_word' id='word_1_207' title='bbox 1102 2865 1269 2930; x_wconf 83' lang='lat' dir='ltr'>ininicicia.</span> <span class='ocrx_word' id='word_1_208' title='bbox 1315 2867 1356 2930; x_wconf 92' lang='lat' dir='ltr'>In</span> <span class='ocrx_word' id='word_1_209' title='bbox 1370 2867 1429 2932; x_wconf 92' lang='lat' dir='ltr'>hcc</span> 
     </span>
     <span class='ocr_line' id='line_1_27' title="bbox 317 2951 1429 3038; baseline 0.001 -21"><span class='ocrx_word' id='word_1_210' title='bbox 317 2951 418 3017; x_wconf 85' lang='lat' dir='ltr'>eciam</span> <span class='ocrx_word' id='word_1_211' title='bbox 438 2953 664 3017; x_wconf 89' lang='lat' dir='ltr'>mentiti·sunt</span> <span class='ocrx_word' id='word_1_212' title='bbox 678 2953 820 3016; x_wconf 88' lang='lat' dir='ltr'>Romano</span> <span class='ocrx_word' id='word_1_213' title='bbox 841 2953 985 3035; x_wconf 89' lang='lat' dir='ltr'>pontifici</span> <span class='ocrx_word' id='word_1_214' title='bbox 1005 2952 1110 3029; x_wconf 91' lang='lat' dir='ltr'>fidem,</span> <span class='ocrx_word' id='word_1_215' title='bbox 1124 2952 1196 3038; x_wconf 79' lang='lat' dir='ltr'>‹pod</span> <span class='ocrx_word' id='word_1_216' title='bbox 1210 2972 1312 3016; x_wconf 92' lang='lat' dir='ltr'>unum</span> <span class='ocrx_word' id='word_1_217' title='bbox 1333 2953 1429 3018; x_wconf 89' lang='lat' dir='ltr'>dena·</span> 
     </span>
     <span class='ocr_line' id='line_1_28' title="bbox 316 3037 1428 3122; baseline 0.002 -20"><span class='ocrx_word' id='word_1_218' title='bbox 316 3038 401 3102; x_wconf 84' lang='lat' dir='ltr'>rium</span> <span class='ocrx_word' id='word_1_219' title='bbox 412 3037 538 3103; x_wconf 83' lang='lat' dir='ltr'>cenaus⁷</span> <span class='ocrx_word' id='word_1_220' title='bbox 550 3038 589 3102; x_wconf 88' lang='lat' dir='ltr'>da</span> <span class='ocrx_word' id='word_1_221' title='bbox 600 3038 743 3122; x_wconf 87' lang='lat' dir='ltr'>qualibet</span> <span class='ocrx_word' id='word_1_222' title='bbox 753 3038 846 3102; x_wconf 92' lang='lat' dir='ltr'>domo</span> <span class='ocrx_word' id='word_1_223' title='bbox 858 3039 1021 3102; x_wconf 83' lang='lat' dir='ltr'>Hiberniae</span> <span class='ocrx_word' id='word_1_224' title='bbox 1030 3039 1092 3103; x_wconf 86' lang='lat' dir='ltr'>sihi</span> <span class='ocrx_word' id='word_1_225' title='bbox 1107 3038 1175 3103; x_wconf 84' lang='lat' dir='ltr'>aovi</span> <span class='ocrx_word' id='word_1_226' title='bbox 1186 3038 1313 3104; x_wconf 88' lang='lat' dir='ltr'>deberet</span> <span class='ocrx_word' id='word_1_227' title='bbox 1327 3061 1428 3105; x_wconf 89' lang='lat' dir='ltr'>annu·</span> 
     </span>
     <span class='ocr_line' id='line_1_29' title="bbox 317 3121 1427 3210; baseline 0.002 -22"><span class='ocrx_word' id='word_1_228' title='bbox 317 3124 406 3200; x_wconf 90' lang='lat' dir='ltr'>atim,</span> <span class='ocrx_word' id='word_1_229' title='bbox 420 3125 506 3208; x_wconf 92' lang='lat' dir='ltr'>quod</span> <span class='ocrx_word' id='word_1_230' title='bbox 527 3125 626 3190; x_wconf 84' lang='lat' dir='ltr'>nunc⁸</span> <span class='ocrx_word' id='word_1_231' title='bbox 639 3125 760 3190; x_wconf 89' lang='lat' dir='ltr'>factum</span> <span class='ocrx_word' id='word_1_232' title='bbox 782 3130 839 3202; x_wconf 89' lang='lat' dir='ltr'>ast,</span> <span class='ocrx_word' id='word_1_233' title='bbox 861 3125 937 3208; x_wconf 88' lang='lat' dir='ltr'>quia</span> <span class='ocrx_word' id='word_1_234' title='bbox 958 3145 1023 3189; x_wconf 92' lang='lat' dir='ltr'>non</span> <span class='ocrx_word' id='word_1_235' title='bbox 1045 3133 1094 3190; x_wconf 87' lang='lat' dir='ltr'>est</span> <span class='ocrx_word' id='word_1_236' title='bbox 1112 3121 1238 3190; x_wconf 85' lang='lat' dir='ltr'>sdutum</span> <span class='ocrx_word' id='word_1_237' title='bbox 1252 3125 1335 3190; x_wconf 88' lang='lat' dir='ltr'>sicut</span> <span class='ocrx_word' id='word_1_238' title='bbox 1355 3147 1427 3210; x_wconf 91' lang='lat' dir='ltr'>pro·</span> 
     </span>
     <span class='ocr_line' id='line_1_30' title="bbox 317 3209 1427 3296; baseline 0.001 -21"><span class='ocrx_word' id='word_1_239' title='bbox 317 3209 452 3275; x_wconf 89' lang='lat' dir='ltr'>missum</span> <span class='ocrx_word' id='word_1_240' title='bbox 471 3218 526 3276; x_wconf 85' lang='lat' dir='ltr'>est</span> <span class='ocrx_word' id='word_1_241' title='bbox 572 3211 676 3289; x_wconf 90' lang='lat' dir='ltr'>Unde,</span> <span class='ocrx_word' id='word_1_242' title='bbox 690 3213 726 3290; x_wconf 91' lang='lat' dir='ltr'>si,</span> <span class='ocrx_word' id='word_1_243' title='bbox 740 3217 869 3296; x_wconf 90' lang='lat' dir='ltr'>propter</span> <span class='ocrx_word' id='word_1_244' title='bbox 890 3230 999 3276; x_wconf 88' lang='lat' dir='ltr'>causas</span> <span class='ocrx_word' id='word_1_245' title='bbox 1014 3213 1186 3279; x_wconf 81' lang='lat' dir='ltr'>atrociores</span> <span class='ocrx_word' id='word_1_246' title='bbox 1206 3213 1427 3296; x_wconf 83' lang='lat' dir='ltr'>praecedentes,</span> 
     </span>
     <span class='ocr_line' id='line_1_31' title="bbox 317 3295 1428 3382; baseline 0.003 -21"><span class='ocrx_word' id='word_1_247' title='bbox 317 3298 425 3381; x_wconf 91' lang='lat' dir='ltr'>ipsum</span> <span class='ocrx_word' id='word_1_248' title='bbox 445 3318 550 3382; x_wconf 89' lang='lat' dir='ltr'>regam</span> <span class='ocrx_word' id='word_1_249' title='bbox 571 3305 604 3363; x_wconf 90' lang='lat' dir='ltr'>et</span> <span class='ocrx_word' id='word_1_250' title='bbox 625 3299 725 3363; x_wconf 91' lang='lat' dir='ltr'>dictos</span> <span class='ocrx_word' id='word_1_251' title='bbox 747 3305 870 3364; x_wconf 85' lang='lat' dir='ltr'>nostros</span> <span class='ocrx_word' id='word_1_252' title='bbox 892 3297 1042 3381; x_wconf 87' lang='lat' dir='ltr'>capitales</span> <span class='ocrx_word' id='word_1_253' title='bbox 1063 3295 1193 3362; x_wconf 85' lang='lat' dir='ltr'>ininicos</span> <span class='ocrx_word' id='word_1_254' title='bbox 1214 3298 1250 3361; x_wconf 91' lang='lat' dir='ltr'>in</span> <span class='ocrx_word' id='word_1_255' title='bbox 1272 3298 1428 3364; x_wconf 87' lang='lat' dir='ltr'>Hibernia</span> 
     </span>
     <span class='ocr_line' id='line_1_32' title="bbox 318 3384 1427 3470; baseline 0.002 -22"><span class='ocrx_word' id='word_1_256' title='bbox 318 3392 546 3449; x_wconf 75' lang='lat' dir='ltr'>commorantes</span> <span class='ocrx_word' id='word_1_257' title='bbox 571 3405 832 3470; x_wconf 83' lang='lat' dir='ltr'>expugnaremus,</span> <span class='ocrx_word' id='word_1_258' title='bbox 855 3392 950 3469; x_wconf 92' lang='lat' dir='ltr'>prout</span> <span class='ocrx_word' id='word_1_259' title='bbox 970 3384 1120 3470; x_wconf 83' lang='lat' dir='ltr'>cogimur,</span> <span class='ocrx_word' id='word_1_260' title='bbox 1133 3400 1190 3451; x_wconf 82' lang='lat' dir='ltr'>oon</span> <span class='ocrx_word' id='word_1_261' title='bbox 1214 3391 1343 3469; x_wconf 89' lang='lat' dir='ltr'>propter</span> <span class='ocrx_word' id='word_1_262' title='bbox 1367 3385 1427 3451; x_wconf 92' lang='lat' dir='ltr'>hoc</span> 
     </span>
     <span class='ocr_line' id='line_1_33' title="bbox 317 3469 1427 3556; baseline 0.003 -23"><span class='ocrx_word' id='word_1_263' title='bbox 317 3469 467 3534; x_wconf 91' lang='lat' dir='ltr'>illicitum</span> <span class='ocrx_word' id='word_1_264' title='bbox 478 3470 625 3551; x_wconf 84' lang='lat' dir='ltr'>facimus3</span> <span class='ocrx_word' id='word_1_265' title='bbox 646 3471 1004 3556; x_wconf 82' lang='lat' dir='ltr'>oumvimvirepellcre</span> <span class='ocrx_word' id='word_1_266' title='bbox 1015 3471 1427 3556; x_wconf 81' lang='lat' dir='ltr'>omnesegespermittant,⁹</span> 
     </span>
     <span class='ocr_line' id='line_1_34' title="bbox 317 3556 1426 3643; baseline 0.004 -23"><span class='ocrx_word' id='word_1_267' title='bbox 317 3576 377 3620; x_wconf 87' lang='lat' dir='ltr'>nec</span> <span class='ocrx_word' id='word_1_268' title='bbox 391 3577 432 3621; x_wconf 82' lang='lat' dir='ltr'>ex</span> <span class='ocrx_word' id='word_1_269' title='bbox 445 3556 505 3622; x_wconf 94' lang='lat' dir='ltr'>hoc</span> <span class='ocrx_word' id='word_1_270' title='bbox 519 3557 718 3624; x_wconf 85' lang='lat' dir='ltr'>infidelitatis</span> <span class='ocrx_word' id='word_1_271' title='bbox 729 3557 782 3624; x_wconf 86' lang='lat' dir='ltr'>vel</span> <span class='ocrx_word' id='word_1_272' title='bbox 795 3557 926 3643; x_wconf 88' lang='lat' dir='ltr'>perjurii</span> <span class='ocrx_word' id='word_1_273' title='bbox 940 3557 1060 3623; x_wconf 90' lang='lat' dir='ltr'>crimen</span> <span class='ocrx_word' id='word_1_274' title='bbox 1070 3557 1261 3637; x_wconf 57' lang='lat' dir='ltr'>inanimum</span> <span class='ocrx_word' id='word_1_275' title='bbox 1282 3579 1356 3622; x_wconf 92' lang='lat' dir='ltr'>cum</span> <span class='ocrx_word' id='word_1_276' title='bbox 1366 3579 1426 3624; x_wconf 93' lang='lat' dir='ltr'>nec</span> 
     </span>
     <span class='ocr_line' id='line_1_35' title="bbox 317 3642 1426 3730; baseline 0.002 -23"><span class='ocrx_word' id='word_1_277' title='bbox 317 3663 479 3726; x_wconf 88' lang='lat' dir='ltr'>uncquam</span> <span class='ocrx_word' id='word_1_278' title='bbox 504 3664 561 3709; x_wconf 91' lang='lat' dir='ltr'>nos</span> <span class='ocrx_word' id='word_1_279' title='bbox 583 3645 637 3710; x_wconf 89' lang='lat' dir='ltr'>vel</span> <span class='ocrx_word' id='word_1_280' title='bbox 660 3653 765 3730; x_wconf 89' lang='lat' dir='ltr'>patres</span> <span class='ocrx_word' id='word_1_281' title='bbox 790 3642 917 3710; x_wconf 87' lang='lat' dir='ltr'>nostri¹⁰</span> <span class='ocrx_word' id='word_1_282' title='bbox 941 3651 999 3709; x_wconf 90' lang='lat' dir='ltr'>aut</span> <span class='ocrx_word' id='word_1_283' title='bbox 1020 3652 1149 3728; x_wconf 79' lang='lat' dir='ltr'>parents</span> <span class='ocrx_word' id='word_1_284' title='bbox 1175 3644 1276 3708; x_wconf 88' lang='lat' dir='ltr'>nostri</span> <span class='ocrx_word' id='word_1_285' title='bbox 1301 3646 1347 3710; x_wconf 88' lang='lat' dir='ltr'>ais</span> <span class='ocrx_word' id='word_1_286' title='bbox 1373 3645 1426 3709; x_wconf 84' lang='lat' dir='ltr'>vel</span> 
     </span>
     <span class='ocr_line' id='line_1_36' title="bbox 317 3731 1481 3817; baseline 0.003 -23"><span class='ocrx_word' id='word_1_287' title='bbox 317 3750 426 3794; x_wconf 87' lang='lat' dir='ltr'>eorum</span> <span class='ocrx_word' id='word_1_288' title='bbox 440 3731 624 3814; x_wconf 86' lang='lat' dir='ltr'>parentibus</span> <span class='ocrx_word' id='word_1_289' title='bbox 645 3731 827 3817; x_wconf 86' lang='lat' dir='ltr'>homagium</span> <span class='ocrx_word' id='word_1_290' title='bbox 847 3731 908 3796; x_wconf 86' lang='lat' dir='ltr'>ac¹¹</span> <span class='ocrx_word' id='word_1_291' title='bbox 923 3731 1110 3796; x_wconf 87' lang='lat' dir='ltr'>fidelitatem</span> <span class='ocrx_word' id='word_1_292' title='bbox 1130 3731 1287 3796; x_wconf 81' lang='lat' dir='ltr'>ecarimus.</span> <span class='ocrx_word' id='word_1_293' title='bbox 1333 3731 1424 3797; x_wconf 88' lang='lat' dir='ltr'>Ideo-</span> <span class='ocrx_word' id='word_1_294' title='bbox 1476 3757 1481 3776; x_wconf 88' lang='lat'><strong>·</strong></span> 
     </span>
     <span class='ocr_line' id='line_1_37' title="bbox 317 3816 1424 3901; baseline 0.003 -21"><span class='ocrx_word' id='word_1_295' title='bbox 317 3837 389 3900; x_wconf 89' lang='lat' dir='ltr'>quc,</span> <span class='ocrx_word' id='word_1_296' title='bbox 412 3816 531 3900; x_wconf 85' lang='lat' dir='ltr'>absque</span> <span class='ocrx_word' id='word_1_297' title='bbox 556 3817 644 3882; x_wconf 91' lang='lat' dir='ltr'>omni</span> <span class='ocrx_word' id='word_1_298' title='bbox 666 3818 871 3884; x_wconf 78' lang='lat' dir='ltr'>conscienciae</span> <span class='ocrx_word' id='word_1_299' title='bbox 896 3837 1045 3894; x_wconf 86' lang='lat' dir='ltr'>remorsu,</span> <span class='ocrx_word' id='word_1_300' title='bbox 1069 3816 1206 3901; x_wconf 83' lang='lat' dir='ltr'>quandiu</span> <span class='ocrx_word' id='word_1_301' title='bbox 1234 3817 1303 3881; x_wconf 85' lang='lat' dir='ltr'>vita</span> <span class='ocrx_word' id='word_1_302' title='bbox 1332 3819 1424 3883; x_wconf 89' lang='lat' dir='ltr'>nohis</span> 
     </span>
     <span class='ocr_line' id='line_1_38' title="bbox 316 3902 1425 3988; baseline 0.003 -22"><span class='ocrx_word' id='word_1_303' title='bbox 316 3902 460 3981; x_wconf 70' lang='lat' dir='ltr'>inhaeret,</span> <span class='ocrx_word' id='word_1_304' title='bbox 480 3905 568 3988; x_wconf 89' lang='lat' dir='ltr'>ipsos</span> <span class='ocrx_word' id='word_1_305' title='bbox 592 3905 786 3970; x_wconf 88' lang='lat' dir='ltr'>incessanter</span> <span class='ocrx_word' id='word_1_306' title='bbox 806 3905 842 3968; x_wconf 90' lang='lat' dir='ltr'>in</span> <span class='ocrx_word' id='word_1_307' title='bbox 864 3905 965 3969; x_wconf 85' lang='lat' dir='ltr'>nostri</span> <span class='ocrx_word' id='word_1_308' title='bbox 983 3904 1065 3988; x_wconf 88' lang='lat' dir='ltr'>juris</span> <span class='ocrx_word' id='word_1_309' title='bbox 1087 3903 1252 3973; x_wconf 79' lang='lat' dir='ltr'>detnsionc</span> <span class='ocrx_word' id='word_1_310' title='bbox 1274 3909 1308 3969; x_wconf 88' lang='lat' dir='ltr'>et</span> <span class='ocrx_word' id='word_1_311' title='bbox 1327 3904 1425 3969; x_wconf 92' lang='lat' dir='ltr'>liber·</span> 
     </span>
     <span class='ocr_line' id='line_1_39' title="bbox 315 3989 1423 4076; baseline 0.004 -24"><span class='ocrx_word' id='word_1_312' title='bbox 315 3989 393 4054; x_wconf 87' lang='lat' dir='ltr'>tatis</span> <span class='ocrx_word' id='word_1_313' title='bbox 418 3989 558 4056; x_wconf 89' lang='lat' dir='ltr'>tuicione</span> <span class='ocrx_word' id='word_1_314' title='bbox 583 3991 844 4076; x_wconf 80' lang='lat' dir='ltr'>expugnabimus,</span> <span class='ocrx_word' id='word_1_315' title='bbox 869 3990 909 4055; x_wconf 90' lang='lat' dir='ltr'>ab</span> <span class='ocrx_word' id='word_1_316' title='bbox 934 3991 1076 4075; x_wconf 90' lang='lat' dir='ltr'>ipsorum</span> <span class='ocrx_word' id='word_1_317' title='bbox 1104 3990 1329 4075; x_wconf 71' lang='lat' dir='ltr'>inpugnacione</span> <span class='ocrx_word' id='word_1_318' title='bbox 1358 4011 1423 4056; x_wconf 93' lang='lat' dir='ltr'>non</span> 
     </span>
    </p>
   </div>
   <div class='ocr_carea' id='block_1_7' title="bbox 362 4165 1477 4452">
    <p class='ocr_par' dir='ltr' id='par_1_7' title="bbox 363 4165 1477 4382">
     <span class='ocr_line' id='line_1_40' title="bbox 363 4165 1477 4243; baseline 0.004 -17"><span class='ocrx_word' id='word_1_319' title='bbox 363 4173 654 4243; x_wconf 58' lang='lat' dir='ltr'>mammarum.</span> <span class='ocrx_word' id='word_1_320' title='bbox 826 4172 878 4229; x_wconf 75' lang='grc' dir='ltr'>ὀ.</span> <span class='ocrx_word' id='word_1_321' title='bbox 893 4175 1125 4228; x_wconf 62' lang='lat' dir='ltr'>lanariorum.</span> <span class='ocrx_word' id='word_1_322' title='bbox 1144 4175 1174 4226; x_wconf 84' lang='lat' dir='ltr'>n.</span> <span class='ocrx_word' id='word_1_323' title='bbox 1187 4175 1421 4230; x_wconf 60' lang='lat' dir='ltr'>merueramus</span> <span class='ocrx_word' id='word_1_324' title='bbox 1470 4165 1477 4170; x_wconf 85' lang='grc'><em>“</em></span> 
     </span>
     <span class='ocr_line' id='line_1_41' title="bbox 363 4234 1370 4314; baseline 0.003 -18"><span class='ocrx_word' id='word_1_325' title='bbox 363 4243 415 4296; x_wconf 78' lang='lat' dir='ltr'>⁸B.</span> <span class='ocrx_word' id='word_1_326' title='bbox 429 4245 457 4297; x_wconf 80' lang='lat' dir='ltr'>C.</span> <span class='ocrx_word' id='word_1_327' title='bbox 472 4247 504 4298; x_wconf 89' lang='lat' dir='ltr'>D.</span> <span class='ocrx_word' id='word_1_328' title='bbox 517 4247 548 4298; x_wconf 79' lang='grc' dir='ltr'>Ε.</span> <span class='ocrx_word' id='word_1_329' title='bbox 561 4246 639 4314; x_wconf 90' lang='lat' dir='ltr'>quod.</span> <span class='ocrx_word' id='word_1_330' title='bbox 672 4281 675 4290; x_wconf 65' lang='lat'>,</span> <span class='ocrx_word' id='word_1_331' title='bbox 1126 4234 1159 4299; x_wconf 72' lang='lat' dir='ltr'>b.</span> <span class='ocrx_word' id='word_1_332' title='bbox 1174 4245 1205 4297; x_wconf 77' lang='lat' dir='ltr'>n.</span> <span class='ocrx_word' id='word_1_333' title='bbox 1218 4247 1370 4314; x_wconf 71' lang='lat' dir='ltr'>praescripti.</span> 
     </span>
     <span class='ocr_line' id='line_1_42' title="bbox 363 4312 1091 4382; baseline 0 -14"><span class='ocrx_word' id='word_1_334' title='bbox 363 4312 413 4368; x_wconf 81' lang='lat'>⁶0.</span> <span class='ocrx_word' id='word_1_335' title='bbox 427 4317 457 4368; x_wconf 78' lang='grc' dir='ltr'>Ε.</span> <span class='ocrx_word' id='word_1_336' title='bbox 470 4317 651 4382; x_wconf 79' lang='lat' dir='ltr'>Hybarniaoa.</span> <span class='ocrx_word' id='word_1_337' title='bbox 687 4316 720 4369; x_wconf 88' lang='lat' dir='ltr'>D.</span> <span class='ocrx_word' id='word_1_338' title='bbox 733 4317 908 4381; x_wconf 60' lang='lat' dir='ltr'>madfrom</span> <span class='ocrx_word' id='word_1_339' title='bbox 919 4316 1091 4368; x_wconf 81' lang='lat' dir='ltr'>Hiberniaoar.</span> 
     </span>
    </p>

    <p class='ocr_par' dir='ltr' id='par_1_8' title="bbox 362 4378 1328 4452">
     <span class='ocr_line' id='line_1_43' title="bbox 362 4378 1328 4452; baseline 0.002 -16"><span class='ocrx_word' id='word_1_340' title='bbox 362 4382 375 4418; x_wconf 77' lang='lat'>⁶</span> <span class='ocrx_word' id='word_1_341' title='bbox 387 4386 415 4436; x_wconf 91' lang='lat' dir='ltr'>B.</span> <span class='ocrx_word' id='word_1_342' title='bbox 429 4387 497 4452; x_wconf 76' lang='lat' dir='ltr'>quia</span> <span class='ocrx_word' id='word_1_343' title='bbox 707 4386 758 4440; x_wconf 77' lang='lat'>⁷0.</span> <span class='ocrx_word' id='word_1_344' title='bbox 772 4388 804 4439; x_wconf 91' lang='lat' dir='ltr'>D.</span> <span class='ocrx_word' id='word_1_345' title='bbox 818 4388 848 4439; x_wconf 76' lang='lat' dir='ltr'>la</span> <span class='ocrx_word' id='word_1_346' title='bbox 862 4403 961 4439; x_wconf 79' lang='lat' dir='ltr'>sensus</span> <span class='ocrx_word' id='word_1_347' title='bbox 1125 4378 1158 4439; x_wconf 64' lang='lat' dir='ltr'>‘a</span> <span class='ocrx_word' id='word_1_348' title='bbox 1172 4401 1328 4452; x_wconf 82' lang='lat' dir='ltr'>nuncquam.</span> 
     </span>
    </p>
   </div>
   <div class='ocr_carea' id='block_1_8' title="bbox 363 4452 1267 4524">
    <p class='ocr_par' dir='ltr' id='par_1_9' title="bbox 363 4452 1267 4524">
     <span class='ocr_line' id='line_1_44' title="bbox 363 4452 1267 4524; baseline -0.001 -16"><span class='ocrx_word' id='word_1_349' title='bbox 363 4453 413 4508; x_wconf 80' lang='lat'>⁰0.</span> <span class='ocrx_word' id='word_1_350' title='bbox 427 4457 590 4524; x_wconf 78' lang='lat' dir='ltr'>promittant</span> <span class='ocrx_word' id='word_1_351' title='bbox 697 4455 719 4492; x_wconf 86' lang='lat'>¹⁰</span> <span class='ocrx_word' id='word_1_352' title='bbox 730 4457 759 4510; x_wconf 79' lang='grc' dir='ltr'>Ο.</span> <span class='ocrx_word' id='word_1_353' title='bbox 773 4458 802 4512; x_wconf 81' lang='lat' dir='ltr'>E.</span> <span class='ocrx_word' id='word_1_354' title='bbox 816 4462 877 4510; x_wconf 79' lang='lat' dir='ltr'>omit</span> <span class='ocrx_word' id='word_1_355' title='bbox 889 4459 979 4510; x_wconf 69' lang='lat' dir='ltr'>nostra</span> <span class='ocrx_word' id='word_1_356' title='bbox 1113 4452 1156 4511; x_wconf 60' lang='lat'>¹¹3.</span> <span class='ocrx_word' id='word_1_357' title='bbox 1170 4457 1200 4508; x_wconf 77' lang='lat' dir='ltr'>E</span> <span class='ocrx_word' id='word_1_358' title='bbox 1213 4461 1267 4508; x_wconf 82' lang='lat' dir='ltr'>aut</span> 
     </span>
    </p>
   </div>
   <div class='ocr_carea' id='block_1_9' title="bbox 0 0 1648 5112">
    <p class='ocr_par' dir='ltr' id='par_1_10' title="bbox 0 0 1648 5112">
     <span class='ocr_line' id='line_1_45' title="bbox 0 0 1648 5112; baseline 0 4"><span class='ocrx_word' id='word_1_359' title='bbox 0 0 1648 5112; x_wconf 95' lang='lat' dir='ltr'> </span> 
     </span>
    </p>
   </div>
  </div>
 </body>
</html>
