3254 5122
287 465 326 522 10
651 471 746 520 nisus
760 469 1029 522 Pnnsousnnnsm.

284 627 623 714 rumudepiscopstum
628 625 859 714 Glesguensem
867 626 1079 713 restituit,qui
1087 623 1193 694 miii
1202 623 1411 714 snnmpostes

283 719 375 795 rexit
387 723 420 782 et
433 715 521 800 spud
535 715 686 781 Gedwort
699 720 773 800 post
786 720 922 780 mortem
935 714 1136 781 inhnmetrm¹
1149 715 1328 800 requiescit.
1366 716 1411 781 Et

283 802 462 869 notandum
476 808 526 868 est
540 802 626 887 quod
641 801 695 866 ex2
708 802 895 886 hujusmodi
908 802 1021 881 causis,
1035 802 1117 880 vin,8
1131 801 1411 868 comessasioni-

284 889 770 966 busstemuiscionibus,multe
778 889 1018 953 malnoriuntur
1027 889 1289 974 intorprincipes.
1321 889 1411 954 Inito

283 983 394 1042 temen
407 976 491 1041 inter
504 995 558 1042 eos
573 975 614 1040 od
625 981 748 1040 certum
761 981 889 1060 tempus
903 976 1166 1060 possumusque
1176 975 1266 1060 regni
1279 995 1411 1060 megna-

284 1070 357 1127 tum
370 1063 563 1142 interventu
578 1063 663 1147 quse⁴
677 1062 755 1147 quie
768 1063 843 1127 ficto
856 1063 920 1126 fuit
929 1081 995 1147 pex
1005 1062 1063 1126 ille
1072 1061 1146 1128 nec⁵
1153 1061 1257 1126 multo
1265 1067 1409 1146 tempore

284 1149 419 1215 duravit
452 1149 648 1234 Infraqunm
656 1153 765 1214 temen
772 1168 885 1233 pacem
895 1149 1036 1214 nescitur
1046 1168 1182 1233 quorum
1189 1145 1413 1236 instigacione⁸

283 1231 337 1302 ¹vel
347 1235 480 1302 consilio
490 1257 548 1302 rex
559 1235 751 1300 Molcolmus
762 1233 851 1320 quis²
861 1236 991 1320 juvenis
1006 1241 1072 1302 erat
1087 1241 1121 1301 ot
1134 1235 1238 1300 tocius
1252 1234 1319 1300 doli
1332 1229 1411 1320 muli

283 1323 432 1401 nescius,⁸
441 1323 497 1388 sed
508 1322 549 1387 od
556 1322 689 1387 modum
702 1322 881 1388 innocentis
889 1323 978 1387 omni
985 1323 1081 1388 verbo
1092 1323 1231 1399 credens,
1242 1322 1328 1405 epud
1339 1321 1413 1386 Oee-

283 1411 380 1474 trism
390 1411 458 1495 regi
471 1409 612 1474 Henrico
629 1408 813 1494 homagium
823 1409 909 1486 fecit,
920 1429 958 1474 eo
971 1409 1031 1473 vin.
1043 1409 1138 1474 modo
1152 1429 1216 1493 quo
1230 1427 1288 1474 rex
1302 1405 1411 1472 David

285 1497 465 1563 smmculus
480 1515 557 1561 suus
571 1495 667 1560 homo
682 1495 798 1560 veteris
820 1495 955 1560 Henrici
967 1495 1049 1580 regis
1063 1495 1191 1580 Angliae
1205 1497 1318 1572 fueret,
1332 1492 1412 1559 dicti

285 1584 346 1650 viz.
363 1581 547 1660 Becuclerk,
556 1581 665 1646 meriti
679 1581 827 1646 Mctildis
840 1583 933 1646 bonne
942 1583 1060 1666 regines
1067 1582 1196 1666 Angliae
1206 1581 1320 1646 sororis
1330 1579 1411 1645 dicti

285 1671 369 1754 regis
383 1668 508 1748 David3
529 1688 659 1753 sperone
682 1689 723 1733 ex
744 1668 805 1734 hoc
822 1689 878 1733 rex
893 1668 1086 1734 Mulcolmus
1107 1689 1182 1734 sues
1195 1667 1410 1752 possessiones

283 1756 369 1820 inire
382 1755 534 1840 Angiism
547 1754 680 1820 liberius
700 1759 735 1821 ct
755 1755 978 1838 pacificencius
999 1755 1178 1839 possidere3
1198 1754 1410 1840 dignitatibus

286 1849 396 1908 tomen
410 1841 476 1906 suis
491 1847 527 1907 ct
534 1841 661 1925 juribus
676 1861 709 1905 rc
764 1841 834 1906 'bus
848 1842 884 1904 in
898 1842 1047 1907 omnibus
1064 1841 1246 1928 sibisulvie
1263 1897 1266 1904 .
1290 1842 1332 1905 In
1346 1860 1410 1926 quo

284 1933 393 1994 temen
400 1926 471 1993 loco
481 1948 547 2004 rex,
556 1927 664 1992 fulleci
729 1933 823 1992 nctus
833 1927 970 2013 ingenio,
974 1925 1187 2014 quorundem⁰
1197 1928 1334 2012 pecunie
1344 1947 1412 1993 eor-

283 2021 452 2099 ruptorum
466 2013 608 2092 consilio,
623 2013 734 2079 eodem
748 2034 832 2078 enno
845 2014 1111 2079 Nerthumbriem
1126 2013 1412 2100 regiAngliae‚e11is

284 2101 427 2187 exceptis
435 2101 546 2185 paucis
555 2100 744 2168 inconsultis
752 2101 945 2186 proceribus,
950 2101 1091 2166 reddidit
1099 2107 1132 2166 et
1141 2100 1326 2166 Oumbrinm
1333 2113 1345 2182 ';
1357 2100 1412 2165 cui

283 2187 420 2274 posteo1⁰
428 2188 515 2254 idem
523 2191 580 2254 rex
589 2187 777 2254 comitatum
785 2188 825 2252 de
836 2186 1054 2272 Huntyngton
1067 2187 1216 2254 restituit.
1254 2188 1305 2253 Ob
1314 2195 1412 2273 quum

284 2296 413 2342 causam
436 2281 506 2340 tots
528 2274 741 2341 communitae
769 2274 873 2340 tocius
901 2275 991 2359 regni
1020 2273 1138 2340 Scociae
1167 2279 1278 2339 contra
1304 2295 1411 2359 regem

197 2389 203 2402 =
283 2383 380 2428 suum
394 2367 428 2428 st
441 2383 516 2430 suos
530 2366 693 2447 corruptos
707 2361 904 2427 consiliarios
917 2361 1057 2445 graviter
1070 2361 1321 2440 murmurabant,
1332 2361 1412 2427 etin

283 2450 395 2515 odium
403 2449 500 2513 tscite
510 2449 718 2514 concitentur.
748 2447 877 2512 Interes
886 2467 970 2525 vcro,
983 2468 1068 2513 suno
1078 2447 1227 2531 sequenti
1234 2467 1322 2532 reges
1330 2467 1411 2531 prae-

284 2535 465 2618 dicticpud
474 2534 661 2599 Knrleolum
668 2554 726 2618 pro
735 2533 803 2598 suis
811 2533 951 2619 negociis
959 2533 1167 2599 reformandis
1177 2533 1412 2612 convenientes,

284 2621 418 2686 minime
432 2621 670 2686 concordarunt.
715 2620 831 2684 Postea
844 2639 919 2684 vcro
933 2621 1039 2686 dictus
1062 2639 1120 2686 rex
1142 2620 1312 2698 Hemicus,
1327 2640 1412 2685 snno

284 2708 375 2792 regni
389 2706 469 2771 dicti
489 2706 572 2790 regis
596 2705 715 2772 Scociae
736 2704 928 2770 Mnloolmi¹¹
943 2708 1088 2791 septimo,
1109 2727 1221 2772 versus
1243 2706 1412 2772 Tholosem

283 2793 320 2858 in
330 2791 465 2857 ancie
475 2793 639 2876 copiosum
649 2791 744 2856 duxit
759 2792 949 2874 exercitum
965 2794 1022 2859 scd
1037 2793 1202 2859 Ludovico
1216 2795 1412 2858 hoscorum

284 2900 356 2964 rege
370 2879 482 2943 urbem
495 2885 689 2963 protegente,
700 2878 860 2944 frustratis
874 2879 1060 2964 principalis
1077 2880 1271 2945 intencionis
1285 2880 1411 2944 nisibus

282 2984 428 3031 reversus
440 2970 501 3030 est:
512 2965 596 3030 inter
604 2984 684 3048 quos
693 2965 733 3029 de
741 2985 867 3030 summe
874 2987 952 3050 pecc
961 2963 1414 3032 summsdiscordicsubortn1²

283 3059 342 3118 est.
378 3053 421 3116 In
432 3053 523 3136 cujus
535 3051 677 3116 exercitu
687 3050 751 3116 fuit
765 3073 802 3117 co
817 3057 895 3117 tunc
908 3073 966 3118 rex
977 3053 1178 3132 Mulcolmus,
1188 3053 1301 3118 invitis
1311 3052 1413 3138 pluri-

284 3139 345 3204 bus
368 3138 408 3204 de
422 3138 596 3223 majoribus
614 3139 712 3223 regni,
734 3143 767 3203 ct
786 3137 822 3202 in
835 3159 979 3224 regressu
993 3139 1080 3205 idem
1093 3161 1151 3206 rex
1164 3138 1356 3206 Malcolmus
1371 3139 1412 3204 cb

283 3225 396 3292 eodem
416 3246 488 3310 rege
510 3225 650 3290 Henrioo
672 3224 824 3310 singulam
844 3225 977 3292 militari
998 3226 1188 3313 precinctus
1203 3232 1252 3293 est
1276 3227 1312 3292 in
1334 3225 1413 3292 civi·

284 3317 353 3378 tote
368 3311 572 3378 Tumnonsi¹⁴
584 3312 624 3377 in
637 3311 781 3382 mancis

305 3518 468 3606 Suom
482 3520 582 3591 atton
594 3520 633 3591 tc
645 3520 750 3591 entem
764 3521 854 3692 {zue
865 3521 1060 3638 guthalus,
1075 3523 1132 3594 et¹⁵
1145 3519 1399 3594 summoue

284 3733 569 3834 Wmnnuus
590 3765 700 3826 autom
721 3759 887 3828 Scotorum
908 3761 1069 3848 principes
1085 3781 1196 3829 eorum
1268 3781 1321 3828 sm
1339 3781 1414 3827 cum

282 3845 368 3912 dicto
381 3846 558 3931 Anglorum
573 3867 645 3932 mge
660 3849 794 3914 nimiam
808 3849 1059 3915 familiaritatem
1074 3849 1255 3928 habentem,
1266 3847 1411 3914 ⁷turbsti

331 4018 383 4070 ¹0.
396 4019 426 4070 E.
440 4021 501 4070 omit
512 4019 673 4071 inhumatus.
753 4018 803 4072 Ὀ.
817 4021 847 4072 Ε.
861 4023 923 4072 cinit
934 4037 976 4073 ex.
1096 4020 1149 4072 3Ε.
1163 4020 1213 4072 vei

331 4088 384 4141 *Β
396 4092 470 4141 omits
481 4105 545 4156 quus
752 4087 763 4124 ⁶
775 4091 803 4142 G.
817 4090 847 4142 Ε.
860 4107 921 4144 non.
1094 4089 1145 4144 ⁰0.
1160 4092 1190 4143 E.
1203 4091 1412 4159 investigatione.

331 4155 383 4211 ¹0.
396 4160 426 4213 Ε
440 4161 493 4227 qui.
752 4158 805 4214 ⁸B.
820 4161 848 4212 0.
862 4162 894 4213 D.
908 4161 938 4213 Ε.
953 4161 1059 4214 inscius.
1095 4159 1147 4214 ⁰0.
1161 4162 1190 4213 Ε
1205 4177 1326 4228 qnorum.

320 4227 343 4262 ¹⁰
354 4229 382 4280 0.
397 4230 429 4281 D.
441 4231 472 4281 Ε.
485 4234 629 4296 propterea.
737 4227 757 4264 ¹¹
770 4231 798 4283 O.
808 4231 838 4283 Ε.
849 4235 909 4282 omit
917 4231 1058 4283 Mnlcoimi.
1085 4227 1108 4265 ¹²
1119 4231 1147 4283 0.
1160 4232 1191 4283 Ε
1204 4237 1270 4284 orte,

321 4296 384 4356 18Β,
398 4299 426 4350 O.
440 4301 472 4352 D.
485 4301 515 4352 Ε.
529 4299 640 4368 cingulo.
707 4309 709 4314 '
737 4297 759 4334 ¹⁴
771 4301 799 4352 O.
813 4301 843 4352 Ε
857 4301 1076 4368 apudcivitatem
1088 4301 1275 4354 Turonenscm.

321 4367 343 4402 ¹⁶
354 4368 383 4420 B.
397 4369 463 4421 odda
475 4371 541 4437 ejus.
735 4368 757 4405 ¹⁰
768 4371 796 4424 0.
811 4373 841 4422 Ε.
854 4375 915 4424 omit
927 4373 975 4424 tiis
986 4373 1044 4424 title

320 4435 342 4473 ¹¹
354 4439 389 4491 In
399 4442 502 4506 morcio
512 4444 540 4494 is
550 4457 568 4494 o
581 4443 645 4495 luter
656 4439 735 4494 tund.
772 4441 799 4496 0.
813 4441 844 4496 Ε.
859 4441 963 4494 habore.
993 4443 1030 4496 D.
1043 4444 1117 4495 omits
1128 4441 1278 4496 habentem.
