3284 5122
292 407 333 467 76
665 415 762 466 unna
775 415 1046 466 PLUSGARDENSIS.

287 569 1419 660 unandopraeparans,1apud1>eno1andannumeratusestvemuseum

289 660 478 726 itinerando.
524 660 618 740 Quod
646 681 720 726 cum
749 661 890 726 audisset
922 681 980 726 rex
1007 660 1134 745 Angliae
1162 659 1332 738 Hamicns,
1353 681 1420 726 non

289 753 408 833 putans
429 768 535 832 regem
557 747 675 813 Scociae
699 748 832 812 tamcito
855 746 1006 832 [tantam]
1023 751 1216 812 armatorum
1238 747 1420 832 potenciam

290 840 434 919 paratam
463 835 616 913 invenire,
643 834 791 919 precibus
819 834 907 918 pecie
935 833 1109 898 amicorum
1141 833 1354 898 commonitus
1382 853 1421 900 aa

290 920 494 1006 prelatorum
515 927 549 986 et
562 920 745 1006 principum
766 919 915 1003 opinione
938 918 1110 998 consultus,
1124 939 1202 1004 pace
1215 920 1301 985 inter
1313 925 1420 1004 partes

290 1008 467 1087 reformate,
482 1007 703 1092 unnsquisque
717 1007 843 1072 frenum
865 1006 1026 1071 divertens
1045 1004 1087 1070 ad
1100 1007 1238 1090 patriam
1258 1007 1419 1072 remeavit

292 1095 362 1160 Rex
371 1115 446 1159 vero
456 1094 583 1180 Angliae
596 1094 633 1158 in
646 1093 737 1158 brevi
750 1100 861 1177 postea
874 1099 1017 1176 tempore
1030 1091 1159 1177 querela
1172 1099 1297 1176 reperta
1310 1097 1420 1158 contra

291 1181 482 1258 Valliensea,
495 1180 653 1246 bellorum
673 1179 808 1244 insidias
821 1178 1020 1264 preparavit
1062 1178 1161 1244 Anno
1175 1198 1250 1245 vero
1272 1179 1420 1262 aequanti

292 1269 467 1333 combustae
480 1273 558 1332 sunt
571 1267 683 1331 multae
697 1266 843 1331 civitates
858 1265 985 1342 Saucia,
999 1264 1059 1330 via.
1074 1264 1259 1349 Roxbnrgh,
1273 1265 1419 1351 Hading·

291 1359 358 1432 ton,
371 1354 510 1438 Imnryk,
525 1351 682 1437 Stirling,¹
693 1352 799 1430 Parth,
810 1352 929 1429 Forsan,
940 1351 1080 1428 Momos,
1090 1351 1263 1428 Abirdene,
1273 1351 1420 1418 funditus

291 1459 394 1525 usque
422 1441 465 1505 ad
489 1439 609 1506 cineres
634 1444 830 1524 consumpta
855 1444 940 1516 sunt,
963 1457 1039 1502 casn
1064 1439 1204 1504 fortuito.
1249 1439 1321 1504 Rex
1344 1457 1420 1504 vero

291 1527 428 1611 Angliae,
443 1533 482 1591 ut
494 1531 684 1610 praetactum
705 1532 763 1603 est,
777 1545 862 1590 anno
883 1522 1064 1608 supradicto
1077 1524 1219 1590 Valliam
1239 1523 1420 1590 invadendo

293 1618 327 1678 et
348 1613 456 1678 omnia
476 1613 550 1697 igne
571 1618 604 1678 at
625 1612 707 1676 ferro
729 1610 943 1676 consumendo
957 1611 1105 1689 vastavit,
1119 1631 1157 1676 ac
1170 1611 1212 1676 ad
1234 1611 1331 1676 finem
1345 1611 1420 1677 sub-

288 1699 417 1784 jugavit
431 1698 491 1763 sub
506 1719 564 1764 sna
578 1697 703 1763 dicione
722 1703 884 1782 perpetuo.
929 1697 1069 1776 Quidam
1082 1717 1158 1764 vero
1172 1718 1271 1784 nepos
1292 1697 1421 1763 Leulini

292 1785 514 1851 Villienaium⁸
541 1784 652 1870 reguli,
680 1785 860 1850 Iondonais
897 1784 935 1848 in
969 1783 1108 1868 quadam
1136 1785 1233 1850 terret
1262 1783 1420 1860 detentus,

193 1943 197 1962 Ι
292 1878 383 1937 extra
407 1891 514 1938 muros
537 1871 726 1939 descandam
750 1871 872 1950 volens,
893 1869 1018 1949 cecidit,
1040 1875 1073 1937 et
1093 1870 1203 1938 fractis
1232 1869 1421 1938 cervicibns⁵

294 1958 460 2043 expiravit

335 2204 499 2290 §tumim
511 2204 548 2274 bt
560 2204 751 2290 quibustuae
763 2204 972 2285 incitaretis?
984 2208 1016 2276 rt
1028 2205 1066 2274 bc
1078 2207 1178 2276 morte
1191 2205 1374 2292 Matri

581 2299 711 2366 amarti
725 2298 823 2383 trojus
836 2299 1071 2369 ouem-c„
1084 2298 1142 2367 xii.

295 2429 532 2522 QUIDAM
545 2475 620 2522 vero
641 2456 786 2540 spunus⁷
800 2457 886 2522 tilius
907 2456 1071 2542 qnondam
1085 2457 1215 2522 Thornia
1224 2455 1421 2522 Atholoniae⁸

292 2541 443 2618 Atholiae,
453 2562 490 2607 ac
501 2543 602 2608 eciem
613 2543 775 2627 quondam
789 2544 943 2609 naturalis
958 2545 1056 2609 irater
1068 2542 1158 2608 iilius
1168 2544 1225 2628 qui
1235 2542 1421 2608 combustus

293 2633 352 2708 cst,
366 2628 404 2692 in
417 2627 574 2693 Hibernia
594 2629 698 2694 multa
718 2630 804 2694 mala
824 2629 1025 2696 incredibilia
1043 2629 1246 2714 perpetravit
1287 2629 1422 2712 Propter

294 2713 381 2798 quod
388 2715 580 2800 raxAngliae
588 2717 831 2794 iratus‚causam
838 2714 1421 2802 inquirensquodpropterrindictam

292 2801 491 2867 inferendam
511 2802 638 2868 cuidam
659 2802 803 2868 Johanni
818 2803 913 2868 Besat
924 2803 1026 2868 exuli⁹
1040 2803 1080 2867 da
1092 2822 1189 2888 regno
1204 2801 1329 2880 Scociae,
1344 2802 1422 2885 quia

293 2886 440 2952 conscius
454 2886 494 2953 da
508 2895 609 2954 morte
624 2889 730 2954 fratris
744 2889 796 2954 sui
810 2889 882 2968 fuit,
892 2889 961 2954 hec
976 2888 1083 2955 omnia
1096 2889 1181 2953 iacta
1194 2892 1278 2952 sunt
1316 2887 1422 2972 Scrip-

293 2974 338 3038 sit
359 2974 447 3038 enim
466 2995 524 3040 rex
543 2975 670 3061 Angliae
691 2977 758 3061 regi
770 2975 954 3041 Alexandro
969 2981 1007 3039 nt
1021 2974 1158 3040 eundem
1171 2973 1345 3058 spumrm²⁰
1358 2974 1421 3039 sibi

292 3060 493 3145 puniendum
505 3063 744 3128 transmitteret
788 3063 859 3128 Rex
880 3082 955 3127 vero
976 3061 1160 3126 Alexander
1173 3081 1248 3126 eum
1262 3061 1422 3146 denegans

293 3147 382 3231 quod
405 3146 500 3273 h⁰¹¹1²1⁰
526 3168 604 3213 auus
630 3155 836 3249 aratymmo
858 3147 1084 3232 vagabundum
1105 3147 1284 3248 peremnia
1305 3147 1422 3212 seacula

292 3241 494 3390 ffluszro
509 3234 686 3406 egffls
703 3255 786 3386 Jrldlx1⁸
799 3233 1421 3420 fficidndfildddlffitffgrmffidbb

294 3406 453 3486 detentus,
466 3406 573 3473 tribas
585 3407 698 3473 diebus
719 3407 789 3473 sine
809 3413 901 3472 motu
914 3407 1128 3472 membrorum
1142 3407 1210 3472 aive
1224 3407 1332 3492 atiquo
1345 3412 1422 3476 utar

293 3492 462 3576 spiracnlo,
475 3494 568 3578 quasi
587 3494 623 3558 in
644 3494 775 3571 artasia,
785 3493 905 3578 jacens,
919 3499 992 3578 post
1013 3493 1157 3558 triduum
1177 3492 1304 3559 locutus
1325 3501 1375 3559 est
1388 3500 1423 3563 et

294 3578 475 3660 convaluit3
497 3585 531 3645 et
544 3580 642 3645 tercio
657 3581 718 3658 die,
733 3601 807 3646 cum
821 3579 891 3646 aine
904 3579 1079 3646 reieccione
1100 3579 1241 3644 naturali
1257 3581 1421 3664 jacuisset,

294 3665 401 3730 subito
415 3665 549 3732 elevatis
571 3665 681 3744 oculis,
695 3665 870 3751 suspirium
891 3667 1049 3744 amittens,
1063 3665 1229 3731 benedixit
1249 3666 1366 3745 Deum,
1380 3673 1422 3745 et,

292 3751 378 3818 facto
399 3750 490 3837 signo
512 3751 622 3830 crucia,
643 3773 762 3818 nornen
782 3753 916 3818 Domini
936 3752 1108 3829 invocavit,
1122 3757 1156 3818 et
1176 3753 1305 3838 signnm
1319 3753 1421 3818 crucis

292 3857 350 3922 per
377 3839 563 3924 episcopum
590 3839 803 3905 Parisienaem
830 3839 867 3903 in
894 3839 1035 3905 humeris
1060 3839 1127 3904 suis
1155 3838 1237 3904 terro
1266 3838 1422 3905 candente

326 4035 618 4160 :mmm
654 4107 885 4162 araneam.
1002 4035 1314 4162 :gdffimmg'

299 4225 303 4234 .
327 4175 339 4210 ⁶
352 4178 381 4230 0.
393 4176 426 4229 D,
439 4179 470 4230 E.
483 4177 634 4231 cervicibus.
1003 4176 1055 4232 ⁸0.
1069 4179 1103 4231 D.
1115 4179 1146 4231 E
1159 4174 1345 4230 tradentibus

327 4243 546 4316 'cam
1002 4245 1384 4303 mamercum

327 4315 670 4372 ‘amiciertoamlm
707 4318 934 4372 G.D.E.axnlia

316 4385 378 4441 1⁰0.
391 4387 561 4457 Emporium.
598 4391 630 4443 D.
643 4391 781 4458 rpurrinrm
992 4388 1013 4424 ¹¹
1026 4390 1055 4444 O.
1068 4389 1099 4442 Ε.
1113 4393 1232 4458 regate.
