<?xml version="1.0" encoding="UTF-8"?>
<!DOCTYPE html PUBLIC "-//W3C//DTD XHTML 1.0 Transitional//EN"
    "http://www.w3.org/TR/xhtml1/DTD/xhtml1-transitional.dtd">
<html xmlns="http://www.w3.org/1999/xhtml" xml:lang="en" lang="en">
 <head>
  <title>
</title>
<meta http-equiv="Content-Type" content="text/html;charset=utf-8" />
  <meta name='ocr-system' content='tesseract 3.04.00' />
  <meta name='ocr-capabilities' content='ocr_page ocr_carea ocr_par ocr_line ocrx_word'/>
</head>
<body>
  <div class='ocr_page' id='page_1' title='image "./liberpluscarden01skengoog_0285.png"; bbox 0 0 3286 5112; ppageno 0'>
   <div class='ocr_carea' id='block_1_1' title="bbox 641 505 1326 563">
    <p class='ocr_par' dir='ltr' id='par_1_1' title="bbox 641 505 1326 563">
     <span class='ocr_line' id='line_1_1' title="bbox 641 505 1326 563; baseline 0.009 -6"><span class='ocrx_word' id='word_1_1' title='bbox 641 507 737 558; x_wconf 76' lang='lat' dir='ltr'><strong>mlta</strong></span> <span class='ocrx_word' id='word_1_2' title='bbox 750 508 869 560; x_wconf 75' lang='lat' dir='ltr'><strong>NONUS.</strong></span> <span class='ocrx_word' id='word_1_3' title='bbox 1265 505 1326 563; x_wconf 79' lang='grc'><strong>227</strong></span> 
     </span>
    </p>
   </div>
   <div class='ocr_carea' id='block_1_2' title="bbox 181 663 1330 3267">
    <p class='ocr_par' dir='ltr' id='par_1_2' title="bbox 181 663 1330 3267">
     <span class='ocr_line' id='line_1_2' title="bbox 201 663 1328 756; baseline 0.006 -27"><span class='ocrx_word' id='word_1_4' title='bbox 201 663 273 729; x_wconf 89' lang='lat' dir='ltr'><strong>onia</strong></span> <span class='ocrx_word' id='word_1_5' title='bbox 288 664 462 731; x_wconf 80' lang='lat' dir='ltr'><strong>Scotioanae</strong></span> <span class='ocrx_word' id='word_1_6' title='bbox 476 669 601 732; x_wconf 87' lang='lat' dir='ltr'><strong>matura</strong></span> <span class='ocrx_word' id='word_1_7' title='bbox 614 665 713 744; x_wconf 90' lang='lat' dir='ltr'><strong>fieret,</strong></span> <span class='ocrx_word' id='word_1_8' title='bbox 726 666 855 751; x_wconf 86' lang='lat' dir='ltr'><strong>perDei</strong></span> <span class='ocrx_word' id='word_1_9' title='bbox 869 666 1016 752; x_wconf 74' lang='lat' dir='ltr'><strong>gmcism,</strong></span> <span class='ocrx_word' id='word_1_10' title='bbox 1026 666 1184 747; x_wconf 89' lang='lat' dir='ltr'><strong>liberacio,</strong></span> <span class='ocrx_word' id='word_1_11' title='bbox 1194 674 1228 734; x_wconf 88' lang='lat' dir='ltr'><strong>et</strong></span> <span class='ocrx_word' id='word_1_12' title='bbox 1242 671 1328 756; x_wconf 90' lang='lat' dir='ltr'><strong>quod</strong></span> 
     </span>
     <span class='ocr_line' id='line_1_3' title="bbox 200 751 1328 838; baseline 0.006 -22"><span class='ocrx_word' id='word_1_13' title='bbox 200 751 286 816; x_wconf 86' lang='lat' dir='ltr'><strong>inter</strong></span> <span class='ocrx_word' id='word_1_14' title='bbox 303 772 357 818; x_wconf 89' lang='lat' dir='ltr'><strong>sos</strong></span> <span class='ocrx_word' id='word_1_15' title='bbox 371 753 603 819; x_wconf 89' lang='lat' dir='ltr'><strong>indissolubilis</strong></span> <span class='ocrx_word' id='word_1_16' title='bbox 623 753 777 818; x_wconf 76' lang='lat' dir='ltr'><strong>amicicie</strong></span> <span class='ocrx_word' id='word_1_17' title='bbox 790 757 824 818; x_wconf 91' lang='lat' dir='ltr'><strong>et</strong></span> <span class='ocrx_word' id='word_1_18' title='bbox 837 755 926 838; x_wconf 85' lang='lat' dir='ltr'><strong>pacis</strong></span> <span class='ocrx_word' id='word_1_19' title='bbox 939 761 1100 838; x_wconf 78' lang='lat' dir='ltr'><strong>perpetue</strong></span> <span class='ocrx_word' id='word_1_20' title='bbox 1121 756 1240 822; x_wconf 85' lang='lat' dir='ltr'><strong>foedera</strong></span> <span class='ocrx_word' id='word_1_21' title='bbox 1253 777 1328 823; x_wconf 89' lang='lat' dir='ltr'><strong>con·</strong></span> 
     </span>
     <span class='ocr_line' id='line_1_4' title="bbox 200 841 1329 927; baseline 0.006 -25"><span class='ocrx_word' id='word_1_22' title='bbox 200 843 324 904; x_wconf 84' lang='lat' dir='ltr'><strong>stanter</strong></span> <span class='ocrx_word' id='word_1_23' title='bbox 349 841 474 905; x_wconf 82' lang='lat' dir='ltr'><strong>firmata</strong></span> <span class='ocrx_word' id='word_1_24' title='bbox 500 846 707 924; x_wconf 86' lang='lat' dir='ltr'><strong>permaneret.</strong></span> <span class='ocrx_word' id='word_1_25' title='bbox 765 841 912 926; x_wconf 77' lang='lat' dir='ltr'><strong>cumque</strong></span> <span class='ocrx_word' id='word_1_26' title='bbox 940 841 1076 908; x_wconf 85' lang='lat' dir='ltr'><strong>alterum</strong></span> <span class='ocrx_word' id='word_1_27' title='bbox 1103 843 1329 927; x_wconf 71' lang='lat' dir='ltr'><strong>praedictorum</strong></span> 
     </span>
     <span class='ocr_line' id='line_1_5' title="bbox 181 926 1330 1014; baseline 0.004 -24"><span class='ocrx_word' id='word_1_28' title='bbox 181 933 325 992; x_wconf 83' lang='lat' dir='ltr'><strong>&#39;summe</strong></span> <span class='ocrx_word' id='word_1_29' title='bbox 346 928 497 1012; x_wconf 86' lang='lat' dir='ltr'><strong>praedicto</strong></span> <span class='ocrx_word' id='word_1_30' title='bbox 518 926 670 1006; x_wconf 83' lang='lat' dir='ltr'><strong>Jobanni,</strong></span> <span class='ocrx_word' id='word_1_31' title='bbox 691 931 730 992; x_wconf 92' lang='lat' dir='ltr'><strong>ut</strong></span> <span class='ocrx_word' id='word_1_32' title='bbox 750 928 855 1011; x_wconf 82' lang='lat' dir='ltr'><strong>prima</strong></span> <span class='ocrx_word' id='word_1_33' title='bbox 875 929 956 994; x_wconf 85' lang='lat' dir='ltr'><strong>lacis</strong></span> <span class='ocrx_word' id='word_1_34' title='bbox 977 929 1134 1014; x_wconf 85' lang='lat' dir='ltr'><strong>apparuit,</strong></span> <span class='ocrx_word' id='word_1_35' title='bbox 1147 930 1330 1014; x_wconf 74' lang='lat' dir='ltr'>placuisset,</span> 
     </span>
     <span class='ocr_line' id='line_1_6' title="bbox 201 1013 1329 1100; baseline 0.006 -23"><span class='ocrx_word' id='word_1_36' title='bbox 201 1020 235 1077; x_wconf 90' lang='lat' dir='ltr'><strong>et</strong></span> <span class='ocrx_word' id='word_1_37' title='bbox 251 1032 347 1098; x_wconf 89' lang='lat' dir='ltr'><strong>super</strong></span> <span class='ocrx_word' id='word_1_38' title='bbox 367 1013 428 1080; x_wconf 93' lang='lat' dir='ltr'><strong>boc</strong></span> <span class='ocrx_word' id='word_1_39' title='bbox 449 1015 663 1080; x_wconf 78' lang='lat' dir='ltr'><strong>convencione</strong></span> <span class='ocrx_word' id='word_1_40' title='bbox 683 1015 777 1092; x_wconf 80' lang='lat' dir='ltr'><strong>facta,</strong></span> <span class='ocrx_word' id='word_1_41' title='bbox 798 1035 845 1092; x_wconf 89' lang='lat' dir='ltr'><strong>ac,</strong></span> <span class='ocrx_word' id='word_1_42' title='bbox 866 1015 929 1081; x_wconf 88' lang='lat' dir='ltr'><strong>fide</strong></span> <span class='ocrx_word' id='word_1_43' title='bbox 950 1016 1065 1093; x_wconf 85' lang='lat' dir='ltr'><strong>modia,</strong></span> <span class='ocrx_word' id='word_1_44' title='bbox 1082 1017 1273 1100; x_wconf 79' lang='lat' dir='ltr'><strong>jruamentis</strong></span> <span class='ocrx_word' id='word_1_45' title='bbox 1294 1025 1329 1083; x_wconf 90' lang='lat' dir='ltr'><strong>et</strong></span> 
     </span>
     <span class='ocr_line' id='line_1_7' title="bbox 202 1099 1328 1186; baseline 0.005 -22"><span class='ocrx_word' id='word_1_46' title='bbox 202 1099 316 1184; x_wconf 82' lang='lat' dir='ltr'><strong>sigillis</strong></span> <span class='ocrx_word' id='word_1_47' title='bbox 329 1101 452 1166; x_wconf 88' lang='lat' dir='ltr'><strong>mutuis</strong></span> <span class='ocrx_word' id='word_1_48' title='bbox 466 1102 659 1180; x_wconf 84' lang='lat' dir='ltr'><strong>confirmata,</strong></span> <span class='ocrx_word' id='word_1_49' title='bbox 674 1107 707 1166; x_wconf 90' lang='lat' dir='ltr'><strong>et</strong></span> <span class='ocrx_word' id='word_1_50' title='bbox 721 1101 920 1166; x_wconf 84' lang='lat' dir='ltr'><strong>corroborato</strong></span> <span class='ocrx_word' id='word_1_51' title='bbox 932 1122 989 1186; x_wconf 90' lang='lat' dir='ltr'><strong>per</strong></span> <span class='ocrx_word' id='word_1_52' title='bbox 1003 1122 1111 1167; x_wconf 86' lang='lat' dir='ltr'><strong>eorum</strong></span> <span class='ocrx_word' id='word_1_53' title='bbox 1131 1103 1328 1184; x_wconf 84' lang='lat' dir='ltr'><strong>indenturas,</strong></span> 
     </span>
     <span class='ocr_line' id='line_1_8' title="bbox 200 1187 1328 1275; baseline 0.006 -25"><span class='ocrx_word' id='word_1_54' title='bbox 200 1187 270 1270; x_wconf 88' lang='lat' dir='ltr'><strong>ipse</strong></span> <span class='ocrx_word' id='word_1_55' title='bbox 293 1192 403 1253; x_wconf 85' lang='lat' dir='ltr'><strong>tamen</strong></span> <span class='ocrx_word' id='word_1_56' title='bbox 427 1188 655 1253; x_wconf 79' lang='lat' dir='ltr'><strong>nichilominus</strong></span> <span class='ocrx_word' id='word_1_57' title='bbox 680 1187 846 1254; x_wconf 74' lang='lat' dir='ltr'><strong>lohannes</strong></span> <span class='ocrx_word' id='word_1_58' title='bbox 872 1189 1001 1273; x_wconf 84' lang='lat' dir='ltr'><strong>Oumyn</strong></span> <span class='ocrx_word' id='word_1_59' title='bbox 1025 1189 1218 1274; x_wconf 73' lang='lat' dir='ltr'><strong>pradictus,l</strong></span> <span class='ocrx_word' id='word_1_60' title='bbox 1240 1193 1328 1275; x_wconf 90' lang='lat' dir='ltr'><strong>jura·</strong></span> 
     </span>
     <span class='ocr_line' id='line_1_9' title="bbox 199 1275 1328 1363; baseline 0.005 -25"><span class='ocrx_word' id='word_1_61' title='bbox 199 1280 308 1339; x_wconf 87' lang='lat' dir='ltr'><strong>mento</strong></span> <span class='ocrx_word' id='word_1_62' title='bbox 329 1275 496 1360; x_wconf 77' lang='lat' dir='ltr'><strong>neglecto,²</strong></span> <span class='ocrx_word' id='word_1_63' title='bbox 519 1276 583 1340; x_wconf 91' lang='lat' dir='ltr'><strong>fide</strong></span> <span class='ocrx_word' id='word_1_64' title='bbox 604 1275 733 1352; x_wconf 66' lang='lat' dir='ltr'><strong>violata,</strong></span> <span class='ocrx_word' id='word_1_65' title='bbox 757 1276 895 1340; x_wconf 88' lang='lat' dir='ltr'><strong>eundem</strong></span> <span class='ocrx_word' id='word_1_66' title='bbox 916 1275 1092 1341; x_wconf 85' lang='lat' dir='ltr'><strong>Robertum</strong></span> <span class='ocrx_word' id='word_1_67' title='bbox 1113 1278 1199 1362; x_wconf 88' lang='lat' dir='ltr'><strong>apud</strong></span> <span class='ocrx_word' id='word_1_68' title='bbox 1221 1299 1328 1363; x_wconf 85' lang='lat' dir='ltr'><strong>regem</strong></span> 
     </span>
     <span class='ocr_line' id='line_1_10' title="bbox 198 1360 1329 1447; baseline 0.006 -24"><span class='ocrx_word' id='word_1_69' title='bbox 198 1360 333 1446; x_wconf 83' lang='lat' dir='ltr'><strong>Angliae,</strong></span> <span class='ocrx_word' id='word_1_70' title='bbox 346 1382 405 1446; x_wconf 89' lang='lat' dir='ltr'><strong>per</strong></span> <span class='ocrx_word' id='word_1_71' title='bbox 418 1383 492 1427; x_wconf 90' lang='lat' dir='ltr'><strong>suos</strong></span> <span class='ocrx_word' id='word_1_72' title='bbox 506 1363 724 1428; x_wconf 63' lang='lat' dir='ltr'><strong>internuncios</strong></span> <span class='ocrx_word' id='word_1_73' title='bbox 746 1370 780 1427; x_wconf 89' lang='lat' dir='ltr'><strong>et</strong></span> <span class='ocrx_word' id='word_1_74' title='bbox 792 1362 902 1427; x_wconf 76' lang='lat' dir='ltr'><strong>literas</strong></span> <span class='ocrx_word' id='word_1_75' title='bbox 915 1363 1057 1446; x_wconf 87' lang='lat' dir='ltr'><strong>privatas</strong></span> <span class='ocrx_word' id='word_1_76' title='bbox 1078 1363 1181 1447; x_wconf 90' lang='lat' dir='ltr'><strong>ipsius</strong></span> <span class='ocrx_word' id='word_1_77' title='bbox 1195 1365 1329 1430; x_wconf 89' lang='lat' dir='ltr'><strong>Roberti</strong></span> 
     </span>
     <span class='ocr_line' id='line_1_11' title="bbox 199 1447 1329 1534; baseline 0.004 -23"><span class='ocrx_word' id='word_1_78' title='bbox 199 1447 239 1512; x_wconf 90' lang='lat' dir='ltr'><strong>de</strong></span> <span class='ocrx_word' id='word_1_79' title='bbox 250 1450 354 1532; x_wconf 81' lang='lat' dir='ltr'><strong>Bruys</strong></span> <span class='ocrx_word' id='word_1_80' title='bbox 369 1455 490 1514; x_wconf 86' lang='lat' dir='ltr'><strong>secreta</strong></span> <span class='ocrx_word' id='word_1_81' title='bbox 504 1451 669 1534; x_wconf 75' lang='lat' dir='ltr'><strong>conjrnats</strong></span> <span class='ocrx_word' id='word_1_82' title='bbox 679 1449 826 1533; x_wconf 57' lang='lat' dir='ltr'><strong>aequm</strong></span> <span class='ocrx_word' id='word_1_83' title='bbox 835 1448 1015 1529; x_wconf 85' lang='lat' dir='ltr'><strong>revelando,</strong></span> <span class='ocrx_word' id='word_1_84' title='bbox 1026 1450 1143 1534; x_wconf 87' lang='lat' dir='ltr'><strong>saepius</strong></span> <span class='ocrx_word' id='word_1_85' title='bbox 1157 1450 1329 1530; x_wconf 70' lang='lat' dir='ltr'><strong>accusent,</strong></span> 
     </span>
     <span class='ocr_line' id='line_1_12' title="bbox 198 1535 1329 1623; baseline 0.002 -23"><span class='ocrx_word' id='word_1_86' title='bbox 198 1554 235 1600; x_wconf 86' lang='lat' dir='ltr'><strong>ac</strong></span> <span class='ocrx_word' id='word_1_87' title='bbox 271 1555 346 1600; x_wconf 85' lang='lat' dir='ltr'><strong>suas</strong></span> <span class='ocrx_word' id='word_1_88' title='bbox 374 1535 484 1602; x_wconf 79' lang='lat' dir='ltr'><strong>literas</strong></span> <span class='ocrx_word' id='word_1_89' title='bbox 512 1536 736 1601; x_wconf 83' lang='lat' dir='ltr'><strong>conversionis</strong></span> <span class='ocrx_word' id='word_1_90' title='bbox 765 1542 798 1601; x_wconf 87' lang='lat' dir='ltr'><strong>et</strong></span> <span class='ocrx_word' id='word_1_91' title='bbox 830 1536 1110 1602; x_wconf 84' lang='lat' dir='ltr'><strong>oonfoederacionie</strong></span> <span class='ocrx_word' id='word_1_92' title='bbox 1137 1537 1329 1623; x_wconf 68' lang='lat' dir='ltr'><strong>supradicte</strong></span> 
     </span>
     <span class='ocr_line' id='line_1_13' title="bbox 197 1621 1328 1708; baseline 0.004 -22"><span class='ocrx_word' id='word_1_93' title='bbox 197 1621 1152 1708; x_wconf 78' lang='lat' dir='ltr'><strong>eidemregirlngliaedestinavit:perhocputansquod,eo</strong></span> <span class='ocrx_word' id='word_1_94' title='bbox 1167 1625 1328 1691; x_wconf 89' lang='lat' dir='ltr'><strong>demedio</strong></span> 
     </span>
     <span class='ocr_line' id='line_1_14' title="bbox 198 1707 1328 1797; baseline 0.005 -25"><span class='ocrx_word' id='word_1_95' title='bbox 198 1707 333 1787; x_wconf 86' lang='lat' dir='ltr'><strong>sublato,</strong></span> <span class='ocrx_word' id='word_1_96' title='bbox 347 1709 433 1793; x_wconf 88' lang='lat' dir='ltr'><strong>quod</strong></span> <span class='ocrx_word' id='word_1_97' title='bbox 454 1708 524 1793; x_wconf 88' lang='lat' dir='ltr'><strong>ipse</strong></span> <span class='ocrx_word' id='word_1_98' title='bbox 545 1711 569 1774; x_wconf 87' lang='lat' dir='ltr'><strong>J</strong></span> <span class='ocrx_word' id='word_1_99' title='bbox 570 1709 719 1788; x_wconf 80' lang='lat' dir='ltr'><strong>ohannes,</strong></span> <span class='ocrx_word' id='word_1_100' title='bbox 733 1730 790 1794; x_wconf 89' lang='lat' dir='ltr'><strong>per</strong></span> <span class='ocrx_word' id='word_1_101' title='bbox 811 1709 954 1776; x_wconf 88' lang='lat' dir='ltr'><strong>medium</strong></span> <span class='ocrx_word' id='word_1_102' title='bbox 976 1712 1059 1795; x_wconf 82' lang='lat' dir='ltr'><strong>regis</strong></span> <span class='ocrx_word' id='word_1_103' title='bbox 1074 1711 1209 1797; x_wconf 86' lang='lat' dir='ltr'><strong>Angliee,</strong></span> <span class='ocrx_word' id='word_1_104' title='bbox 1223 1712 1328 1778; x_wconf 87' lang='lat' dir='ltr'><strong>tocius</strong></span> 
     </span>
     <span class='ocr_line' id='line_1_15' title="bbox 196 1795 1328 1882; baseline 0.004 -24"><span class='ocrx_word' id='word_1_105' title='bbox 196 1795 287 1880; x_wconf 84' lang='lat' dir='ltr'><strong>regni</strong></span> <span class='ocrx_word' id='word_1_106' title='bbox 312 1795 432 1861; x_wconf 84' lang='lat' dir='ltr'><strong>Scooiae</strong></span> <span class='ocrx_word' id='word_1_107' title='bbox 453 1795 595 1880; x_wconf 83' lang='lat' dir='ltr'><strong>regimen</strong></span> <span class='ocrx_word' id='word_1_108' title='bbox 620 1797 750 1882; x_wconf 85' lang='lat' dir='ltr'><strong>pacifice</strong></span> <span class='ocrx_word' id='word_1_109' title='bbox 774 1797 958 1880; x_wconf 81' lang='lat' dir='ltr'><strong>possideret,</strong></span> <span class='ocrx_word' id='word_1_110' title='bbox 982 1806 1015 1863; x_wconf 87' lang='lat' dir='ltr'><strong>et</strong></span> <span class='ocrx_word' id='word_1_111' title='bbox 1039 1798 1109 1864; x_wconf 88' lang='lat' dir='ltr'><strong>sine</strong></span> <span class='ocrx_word' id='word_1_112' title='bbox 1137 1798 1328 1864; x_wconf 87' lang='lat' dir='ltr'><strong>difficultate</strong></span> 
     </span>
     <span class='ocr_line' id='line_1_16' title="bbox 197 1882 1328 1969; baseline 0.004 -24"><span class='ocrx_word' id='word_1_113' title='bbox 197 1883 365 1966; x_wconf 85' lang='lat' dir='ltr'><strong>optineret.</strong></span> <span class='ocrx_word' id='word_1_114' title='bbox 409 1883 461 1961; x_wconf 85' lang='lat' dir='ltr'><strong>llt,</strong></span> <span class='ocrx_word' id='word_1_115' title='bbox 475 1883 553 1948; x_wconf 89' lang='lat' dir='ltr'><strong>licet</strong></span> <span class='ocrx_word' id='word_1_116' title='bbox 573 1882 745 1967; x_wconf 73' lang='lat' dir='ltr'><strong>predicta</strong></span> <span class='ocrx_word' id='word_1_117' title='bbox 760 1884 918 1949; x_wconf 87' lang='lat' dir='ltr'><strong>Robertus</strong></span> <span class='ocrx_word' id='word_1_118' title='bbox 940 1905 1036 1968; x_wconf 89' lang='lat' dir='ltr'><strong>super</strong></span> <span class='ocrx_word' id='word_1_119' title='bbox 1048 1884 1109 1950; x_wconf 91' lang='lat' dir='ltr'><strong>hoc</strong></span> <span class='ocrx_word' id='word_1_120' title='bbox 1125 1905 1182 1969; x_wconf 86' lang='lat' dir='ltr'><strong>per</strong></span> <span class='ocrx_word' id='word_1_121' title='bbox 1195 1885 1328 1969; x_wconf 88' lang='lat' dir='ltr'><strong>praedic-</strong></span> 
     </span>
     <span class='ocr_line' id='line_1_17' title="bbox 196 1970 1328 2054; baseline 0.004 -22"><span class='ocrx_word' id='word_1_122' title='bbox 196 1973 269 2032; x_wconf 90' lang='lat' dir='ltr'><strong>tum</strong></span> <span class='ocrx_word' id='word_1_123' title='bbox 282 1989 389 2054; x_wconf 84' lang='lat' dir='ltr'><strong>regem</strong></span> <span class='ocrx_word' id='word_1_124' title='bbox 403 1971 520 2054; x_wconf 86' lang='lat' dir='ltr'><strong>saepius</strong></span> <span class='ocrx_word' id='word_1_125' title='bbox 534 1970 639 2035; x_wconf 85' lang='lat' dir='ltr'><strong>fuerat</strong></span> <span class='ocrx_word' id='word_1_126' title='bbox 653 1970 908 2048; x_wconf 75' lang='lat' dir='ltr'><strong>examinandus,8</strong></span> <span class='ocrx_word' id='word_1_127' title='bbox 922 1970 984 2036; x_wconf 90' lang='lat' dir='ltr'><strong>sibi</strong></span> <span class='ocrx_word' id='word_1_128' title='bbox 998 1971 1066 2036; x_wconf 89' lang='lat' dir='ltr'><strong>auis</strong></span> <span class='ocrx_word' id='word_1_129' title='bbox 1080 1971 1175 2036; x_wconf 83' lang='lat' dir='ltr'><strong>dictae</strong></span> <span class='ocrx_word' id='word_1_130' title='bbox 1190 1991 1328 2036; x_wconf 81' lang='lat' dir='ltr'><strong>conven-</strong></span> 
     </span>
     <span class='ocr_line' id='line_1_18' title="bbox 197 2053 1327 2135; baseline 0.004 -18"><span class='ocrx_word' id='word_1_131' title='bbox 197 2053 299 2120; x_wconf 90' lang='lat' dir='ltr'><strong>cionis</strong></span> <span class='ocrx_word' id='word_1_132' title='bbox 325 2061 358 2121; x_wconf 87' lang='lat' dir='ltr'><strong>et</strong></span> <span class='ocrx_word' id='word_1_133' title='bbox 379 2057 659 2123; x_wconf 80' lang='lat' dir='ltr'><strong>confoederaoionis</strong></span> <span class='ocrx_word' id='word_1_134' title='bbox 680 2056 782 2122; x_wconf 88' lang='lat' dir='ltr'><strong>literis</strong></span> <span class='ocrx_word' id='word_1_135' title='bbox 804 2056 948 2135; x_wconf 87' lang='lat' dir='ltr'><strong>cetensis,</strong></span> <span class='ocrx_word' id='word_1_136' title='bbox 969 2056 1034 2122; x_wconf 86' lang='lat' dir='ltr'><strong>tale</strong></span> <span class='ocrx_word' id='word_1_137' title='bbox 1054 2062 1171 2135; x_wconf 72' lang='lat' dir='ltr'><strong>tamen</strong></span> <span class='ocrx_word' id='word_1_138' title='bbox 1185 2059 1257 2122; x_wconf 88' lang='lat' dir='ltr'><strong>Deo</strong></span> <span class='ocrx_word' id='word_1_139' title='bbox 1277 2058 1327 2122; x_wconf 91' lang='lat' dir='ltr'><strong>in·</strong></span> 
     </span>
     <span class='ocr_line' id='line_1_19' title="bbox 197 2141 1328 2229; baseline 0.004 -24"><span class='ocrx_word' id='word_1_140' title='bbox 197 2141 348 2225; x_wconf 88' lang='lat' dir='ltr'><strong>spirante,</strong></span> <span class='ocrx_word' id='word_1_141' title='bbox 362 2163 486 2227; x_wconf 88' lang='lat' dir='ltr'><strong>semper</strong></span> <span class='ocrx_word' id='word_1_142' title='bbox 499 2143 563 2208; x_wconf 92' lang='lat' dir='ltr'><strong>sibi</strong></span> <span class='ocrx_word' id='word_1_143' title='bbox 579 2143 720 2209; x_wconf 83' lang='lat' dir='ltr'><strong>reddidit</strong></span> <span class='ocrx_word' id='word_1_144' title='bbox 739 2162 935 2227; x_wconf 82' lang='lat' dir='ltr'><strong>responsum,</strong></span> <span class='ocrx_word' id='word_1_145' title='bbox 950 2149 1108 2227; x_wconf 87' lang='lat' dir='ltr'><strong>quatenus</strong></span> <span class='ocrx_word' id='word_1_146' title='bbox 1121 2143 1224 2228; x_wconf 87' lang='lat' dir='ltr'><strong>ipsius</strong></span> <span class='ocrx_word' id='word_1_147' title='bbox 1245 2145 1328 2229; x_wconf 85' lang='lat' dir='ltr'><strong>regis</strong></span> 
     </span>
     <span class='ocr_line' id='line_1_20' title="bbox 196 2227 1327 2314; baseline 0.002 -22"><span class='ocrx_word' id='word_1_148' title='bbox 196 2227 356 2294; x_wconf 86' lang='lat' dir='ltr'><strong>insaniam</strong></span> <span class='ocrx_word' id='word_1_149' title='bbox 374 2230 523 2313; x_wconf 83' lang='lat' dir='ltr'><strong>jocundis</strong></span> <span class='ocrx_word' id='word_1_150' title='bbox 544 2228 681 2314; x_wconf 84' lang='lat' dir='ltr'><strong>loquelis</strong></span> <span class='ocrx_word' id='word_1_151' title='bbox 701 2233 735 2294; x_wconf 89' lang='lat' dir='ltr'><strong>et</strong></span> <span class='ocrx_word' id='word_1_152' title='bbox 751 2229 857 2294; x_wconf 82' lang='lat' dir='ltr'><strong>verbis</strong></span> <span class='ocrx_word' id='word_1_153' title='bbox 877 2229 990 2312; x_wconf 89' lang='lat' dir='ltr'><strong>peritis</strong></span> <span class='ocrx_word' id='word_1_154' title='bbox 1011 2233 1044 2294; x_wconf 87' lang='lat' dir='ltr'><strong>et</strong></span> <span class='ocrx_word' id='word_1_155' title='bbox 1064 2229 1206 2314; x_wconf 87' lang='lat' dir='ltr'><strong>pacificis</strong></span> <span class='ocrx_word' id='word_1_156' title='bbox 1225 2229 1327 2294; x_wconf 90' lang='lat' dir='ltr'><strong>mitti·</strong></span> 
     </span>
     <span class='ocr_line' id='line_1_21' title="bbox 197 2314 1328 2400; baseline 0.001 -19"><span class='ocrx_word' id='word_1_157' title='bbox 197 2321 293 2400; x_wconf 80' lang='lat' dir='ltr'><strong>gsnet</strong></span> <span class='ocrx_word' id='word_1_158' title='bbox 338 2316 457 2381; x_wconf 81' lang='lat' dir='ltr'><strong>Tamen</strong></span> <span class='ocrx_word' id='word_1_159' title='bbox 479 2316 655 2382; x_wconf 67' lang='lat' dir='ltr'><strong>assussima</strong></span> <span class='ocrx_word' id='word_1_160' title='bbox 676 2315 820 2400; x_wconf 89' lang='lat' dir='ltr'><strong>ejusdem</strong></span> <span class='ocrx_word' id='word_1_161' title='bbox 835 2315 928 2400; x_wconf 81' lang='lat' dir='ltr'><strong>regis,</strong></span> <span class='ocrx_word' id='word_1_162' title='bbox 947 2314 1004 2399; x_wconf 89' lang='lat' dir='ltr'><strong>qui</strong></span> <span class='ocrx_word' id='word_1_163' title='bbox 1024 2316 1165 2380; x_wconf 88' lang='lat' dir='ltr'><strong>multum</strong></span> <span class='ocrx_word' id='word_1_164' title='bbox 1178 2322 1328 2382; x_wconf 84' lang='lat' dir='ltr'><strong>versutus</strong></span> 
     </span>
     <span class='ocr_line' id='line_1_22' title="bbox 197 2401 1327 2486; baseline 0.003 -21"><span class='ocrx_word' id='word_1_165' title='bbox 197 2401 262 2466; x_wconf 86' lang='lat' dir='ltr'><strong>fuit</strong></span> <span class='ocrx_word' id='word_1_166' title='bbox 276 2407 309 2467; x_wconf 91' lang='lat' dir='ltr'><strong>et</strong></span> <span class='ocrx_word' id='word_1_167' title='bbox 322 2403 470 2481; x_wconf 76' lang='lat' dir='ltr'><strong>astutus,⁴</strong></span> <span class='ocrx_word' id='word_1_168' title='bbox 481 2409 513 2468; x_wconf 90' lang='lat' dir='ltr'><strong>et</strong></span> <span class='ocrx_word' id='word_1_169' title='bbox 521 2403 630 2468; x_wconf 87' lang='lat' dir='ltr'><strong>fictam</strong></span> <span class='ocrx_word' id='word_1_170' title='bbox 644 2402 823 2468; x_wconf 72' lang='lat' dir='ltr'><strong>amiciciam</strong></span> <span class='ocrx_word' id='word_1_171' title='bbox 834 2402 903 2486; x_wconf 90' lang='lat' dir='ltr'><strong>ejus</strong></span> <span class='ocrx_word' id='word_1_172' title='bbox 918 2403 1069 2468; x_wconf 90' lang='lat' dir='ltr'><strong>continue</strong></span> <span class='ocrx_word' id='word_1_173' title='bbox 1082 2408 1215 2468; x_wconf 86' lang='lat' dir='ltr'><strong>noverat</strong></span> <span class='ocrx_word' id='word_1_174' title='bbox 1228 2404 1327 2468; x_wconf 91' lang='lat' dir='ltr'><strong>simu·</strong></span> 
     </span>
     <span class='ocr_line' id='line_1_23' title="bbox 195 2489 1328 2575; baseline 0.004 -23"><span class='ocrx_word' id='word_1_175' title='bbox 195 2489 271 2566; x_wconf 88' lang='lat' dir='ltr'><strong>lars,</strong></span> <span class='ocrx_word' id='word_1_176' title='bbox 285 2489 426 2553; x_wconf 88' lang='lat' dir='ltr'><strong>multum</strong></span> <span class='ocrx_word' id='word_1_177' title='bbox 447 2490 623 2568; x_wconf 78' lang='lat' dir='ltr'><strong>dubitabat,</strong></span> <span class='ocrx_word' id='word_1_178' title='bbox 642 2495 772 2575; x_wconf 86' lang='lat' dir='ltr'><strong>propter</strong></span> <span class='ocrx_word' id='word_1_179' title='bbox 792 2489 1013 2554; x_wconf 85' lang='lat' dir='ltr'><strong>accusaciones</strong></span> <span class='ocrx_word' id='word_1_180' title='bbox 1025 2489 1127 2574; x_wconf 90' lang='lat' dir='ltr'><strong>ipsius</strong></span> <span class='ocrx_word' id='word_1_181' title='bbox 1148 2490 1172 2555; x_wconf 84' lang='lat' dir='ltr'><strong>J</strong></span> <span class='ocrx_word' id='word_1_182' title='bbox 1172 2489 1328 2572; x_wconf 87' lang='lat' dir='ltr'><strong>ohannis3</strong></span> 
     </span>
     <span class='ocr_line' id='line_1_24' title="bbox 196 2575 1327 2662; baseline 0.002 -22"><span class='ocrx_word' id='word_1_183' title='bbox 196 2575 306 2654; x_wconf 82' lang='lat' dir='ltr'><strong>eciem,</strong></span> <span class='ocrx_word' id='word_1_184' title='bbox 320 2576 398 2660; x_wconf 89' lang='lat' dir='ltr'><strong>quia</strong></span> <span class='ocrx_word' id='word_1_185' title='bbox 407 2597 501 2642; x_wconf 74' lang='lat' dir='ltr'><strong>verris</strong></span> <span class='ocrx_word' id='word_1_186' title='bbox 515 2577 606 2662; x_wconf 81' lang='lat' dir='ltr'><strong>regni</strong></span> <span class='ocrx_word' id='word_1_187' title='bbox 620 2575 739 2642; x_wconf 85' lang='lat' dir='ltr'><strong>Scociae</strong></span> <span class='ocrx_word' id='word_1_188' title='bbox 753 2575 844 2640; x_wconf 87' lang='lat' dir='ltr'><strong>bersa</strong></span> <span class='ocrx_word' id='word_1_189' title='bbox 860 2581 935 2652; x_wconf 80' lang='lat' dir='ltr'><strong>erat,</strong></span> <span class='ocrx_word' id='word_1_190' title='bbox 944 2576 1045 2660; x_wconf 84' lang='lat' dir='ltr'><strong>magis</strong></span> <span class='ocrx_word' id='word_1_191' title='bbox 1059 2597 1079 2642; x_wconf 88' lang='lat' dir='ltr'><strong>a</strong></span> <span class='ocrx_word' id='word_1_192' title='bbox 1091 2596 1165 2660; x_wconf 85' lang='lat' dir='ltr'><strong>rege</strong></span> <span class='ocrx_word' id='word_1_193' title='bbox 1175 2577 1327 2661; x_wconf 73' lang='lat' dir='ltr'><strong>predicto</strong></span> 
     </span>
     <span class='ocr_line' id='line_1_25' title="bbox 196 2661 1327 2748; baseline 0.004 -23"><span class='ocrx_word' id='word_1_194' title='bbox 196 2667 362 2746; x_wconf 90' lang='lat' dir='ltr'><strong>suspectus</strong></span> <span class='ocrx_word' id='word_1_195' title='bbox 376 2662 561 2729; x_wconf 90' lang='lat' dir='ltr'><strong>habebatur.</strong></span> <span class='ocrx_word' id='word_1_196' title='bbox 605 2663 739 2748; x_wconf 88' lang='lat' dir='ltr'><strong>Propter</strong></span> <span class='ocrx_word' id='word_1_197' title='bbox 753 2661 840 2746; x_wconf 88' lang='lat' dir='ltr'><strong>quod</strong></span> <span class='ocrx_word' id='word_1_198' title='bbox 850 2663 960 2746; x_wconf 83' lang='lat' dir='ltr'><strong>jussus</strong></span> <span class='ocrx_word' id='word_1_199' title='bbox 975 2669 1025 2727; x_wconf 90' lang='lat' dir='ltr'><strong>est</strong></span> <span class='ocrx_word' id='word_1_200' title='bbox 1037 2663 1109 2747; x_wconf 88' lang='lat' dir='ltr'><strong>ipse</strong></span> <span class='ocrx_word' id='word_1_201' title='bbox 1119 2663 1277 2729; x_wconf 88' lang='lat' dir='ltr'><strong>Rcbertus</strong></span> <span class='ocrx_word' id='word_1_202' title='bbox 1290 2664 1327 2730; x_wconf 90' lang='lat' dir='ltr'><strong>in</strong></span> 
     </span>
     <span class='ocr_line' id='line_1_26' title="bbox 195 2749 1328 2835; baseline 0.004 -22"><span class='ocrx_word' id='word_1_203' title='bbox 195 2751 283 2814; x_wconf 80' lang='lat' dir='ltr'><strong>curia</strong></span> <span class='ocrx_word' id='word_1_204' title='bbox 296 2751 380 2834; x_wconf 82' lang='lat' dir='ltr'><strong>regis</strong></span> <span class='ocrx_word' id='word_1_205' title='bbox 393 2751 521 2835; x_wconf 84' lang='lat' dir='ltr'><strong>Angliae</strong></span> <span class='ocrx_word' id='word_1_206' title='bbox 535 2750 686 2815; x_wconf 88' lang='lat' dir='ltr'><strong>continue</strong></span> <span class='ocrx_word' id='word_1_207' title='bbox 700 2749 846 2828; x_wconf 87' lang='lat' dir='ltr'><strong>residere,</strong></span> <span class='ocrx_word' id='word_1_208' title='bbox 860 2755 990 2835; x_wconf 86' lang='lat' dir='ltr'><strong>propter</strong></span> <span class='ocrx_word' id='word_1_209' title='bbox 1003 2769 1114 2815; x_wconf 67' lang='lat' dir='ltr'><strong>musas</strong></span> <span class='ocrx_word' id='word_1_210' title='bbox 1136 2750 1328 2834; x_wconf 89' lang='lat' dir='ltr'><strong>suspicionis</strong></span> 
     </span>
     <span class='ocr_line' id='line_1_27' title="bbox 195 2837 1328 2922; baseline 0.002 -22"><span class='ocrx_word' id='word_1_211' title='bbox 195 2837 394 2920; x_wconf 72' lang='lat' dir='ltr'><strong>supradicte.</strong></span> <span class='ocrx_word' id='word_1_212' title='bbox 437 2837 490 2916; x_wconf 86' lang='lat' dir='ltr'><strong>Et,</strong></span> <span class='ocrx_word' id='word_1_213' title='bbox 503 2837 581 2904; x_wconf 89' lang='lat' dir='ltr'><strong>licet</strong></span> <span class='ocrx_word' id='word_1_214' title='bbox 602 2843 660 2902; x_wconf 90' lang='lat' dir='ltr'><strong>aut</strong></span> <span class='ocrx_word' id='word_1_215' title='bbox 680 2843 816 2901; x_wconf 88' lang='lat' dir='ltr'><strong>mortem</strong></span> <span class='ocrx_word' id='word_1_216' title='bbox 837 2842 895 2901; x_wconf 88' lang='lat' dir='ltr'><strong>aut</strong></span> <span class='ocrx_word' id='word_1_217' title='bbox 911 2841 1082 2922; x_wconf 88' lang='lat' dir='ltr'><strong>perpetuas</strong></span> <span class='ocrx_word' id='word_1_218' title='bbox 1104 2857 1242 2902; x_wconf 86' lang='lat' dir='ltr'><strong>carceres</strong></span> <span class='ocrx_word' id='word_1_219' title='bbox 1264 2837 1328 2902; x_wconf 87' lang='lat' dir='ltr'><strong>sibi</strong></span> 
     </span>
     <span class='ocr_line' id='line_1_28' title="bbox 194 2921 1328 3009; baseline 0.003 -23"><span class='ocrx_word' id='word_1_220' title='bbox 194 2928 348 3007; x_wconf 82' lang='lat' dir='ltr'><strong>protenus</strong></span> <span class='ocrx_word' id='word_1_221' title='bbox 369 2943 545 3009; x_wconf 71' lang='lat' dir='ltr'><strong>preparare</strong></span> <span class='ocrx_word' id='word_1_222' title='bbox 565 2923 729 3008; x_wconf 85' lang='lat' dir='ltr'><strong>pensabat,</strong></span> <span class='ocrx_word' id='word_1_223' title='bbox 751 2921 812 2988; x_wconf 93' lang='lat' dir='ltr'><strong>boc</strong></span> <span class='ocrx_word' id='word_1_224' title='bbox 833 2927 942 2988; x_wconf 87' lang='lat' dir='ltr'><strong>tamen</strong></span> <span class='ocrx_word' id='word_1_225' title='bbox 964 2923 1093 2988; x_wconf 76' lang='lat' dir='ltr'><strong>distulit</strong></span> <span class='ocrx_word' id='word_1_226' title='bbox 1112 2923 1173 2989; x_wconf 91' lang='lat' dir='ltr'><strong>hac</strong></span> <span class='ocrx_word' id='word_1_227' title='bbox 1191 2923 1328 3003; x_wconf 87' lang='lat' dir='ltr'><strong>racione,</strong></span> 
     </span>
     <span class='ocr_line' id='line_1_29' title="bbox 195 3009 1327 3096; baseline 0.004 -24"><span class='ocrx_word' id='word_1_228' title='bbox 195 3009 296 3076; x_wconf 90' lang='lat' dir='ltr'><strong>donec</strong></span> <span class='ocrx_word' id='word_1_229' title='bbox 311 3031 421 3076; x_wconf 90' lang='lat' dir='ltr'><strong>omnes</strong></span> <span class='ocrx_word' id='word_1_230' title='bbox 435 3011 550 3076; x_wconf 88' lang='lat' dir='ltr'><strong>fratres</strong></span> <span class='ocrx_word' id='word_1_231' title='bbox 564 3030 638 3076; x_wconf 88' lang='lat' dir='ltr'><strong>suos</strong></span> <span class='ocrx_word' id='word_1_232' title='bbox 655 3009 754 3076; x_wconf 85' lang='lat' dir='ltr'><strong>simul</strong></span> <span class='ocrx_word' id='word_1_233' title='bbox 767 3010 804 3074; x_wconf 91' lang='lat' dir='ltr'><strong>in</strong></span> <span class='ocrx_word' id='word_1_234' title='bbox 818 3031 877 3075; x_wconf 90' lang='lat' dir='ltr'><strong>sua</strong></span> <span class='ocrx_word' id='word_1_235' title='bbox 898 3009 1045 3076; x_wconf 90' lang='lat' dir='ltr'><strong>custodia</strong></span> <span class='ocrx_word' id='word_1_236' title='bbox 1057 3016 1184 3093; x_wconf 89' lang='lat' dir='ltr'><strong>poterat</strong></span> <span class='ocrx_word' id='word_1_237' title='bbox 1197 3031 1327 3096; x_wconf 86' lang='lat' dir='ltr'><strong>recupe-</strong></span> 
     </span>
     <span class='ocr_line' id='line_1_30' title="bbox 194 3097 1327 3197; baseline 0.001 -36"><span class='ocrx_word' id='word_1_238' title='bbox 194 3115 282 3195; x_wconf 72' lang='lat' dir='ltr'><strong>rers;</strong></span> <span class='ocrx_word' id='word_1_239' title='bbox 302 3102 341 3161; x_wconf 90' lang='lat' dir='ltr'><strong>ut</strong></span> <span class='ocrx_word' id='word_1_240' title='bbox 354 3097 453 3197; x_wconf 76' lang='lat' dir='ltr'><strong>simul</strong></span> <span class='ocrx_word' id='word_1_241' title='bbox 469 3097 597 3164; x_wconf 87' lang='lat' dir='ltr'><strong>eosdem</strong></span> <span class='ocrx_word' id='word_1_242' title='bbox 611 3117 722 3162; x_wconf 88' lang='lat' dir='ltr'><strong>omnes</strong></span> <span class='ocrx_word' id='word_1_243' title='bbox 736 3097 801 3163; x_wconf 76' lang='lat' dir='ltr'><strong>suil</strong></span> <span class='ocrx_word' id='word_1_244' title='bbox 815 3097 973 3182; x_wconf 91' lang='lat' dir='ltr'><strong>supplicio</strong></span> <span class='ocrx_word' id='word_1_245' title='bbox 987 3100 1113 3181; x_wconf 88' lang='lat' dir='ltr'><strong>poterat</strong></span> <span class='ocrx_word' id='word_1_246' title='bbox 1126 3097 1217 3162; x_wconf 85' lang='lat' dir='ltr'><strong>finnli</strong></span> <span class='ocrx_word' id='word_1_247' title='bbox 1230 3099 1327 3183; x_wconf 92' lang='lat' dir='ltr'><strong>puni-</strong></span> 
     </span>
     <span class='ocr_line' id='line_1_31' title="bbox 194 3201 422 3267; baseline 0.026 -22"><span class='ocrx_word' id='word_1_248' title='bbox 194 3201 285 3247; x_wconf 86' lang='lat' dir='ltr'><strong>crone</strong></span> <span class='ocrx_word' id='word_1_249' title='bbox 298 3202 422 3267; x_wconf 80' lang='lat' dir='ltr'><strong>punire.</strong></span> 
     </span>
    </p>
   </div>
   <div class='ocr_carea' id='block_1_3' title="bbox 275 3453 1244 3626">
    <p class='ocr_par' dir='ltr' id='par_1_3' title="bbox 275 3453 1244 3626">
     <span class='ocr_line' id='line_1_32' title="bbox 275 3453 1244 3626; baseline -0.001 -98"><span class='ocrx_word' id='word_1_250' title='bbox 275 3454 438 3541; x_wconf 56' lang='lat' dir='ltr'><strong>§mator</strong></span> <span class='ocrx_word' id='word_1_251' title='bbox 452 3455 488 3527; x_wconf 80' lang='lat' dir='ltr'><strong>br</strong></span> <span class='ocrx_word' id='word_1_252' title='bbox 504 3456 703 3526; x_wconf 64' lang='lat' dir='ltr'><strong>amaccora</strong></span> <span class='ocrx_word' id='word_1_253' title='bbox 714 3459 749 3626; x_wconf 56' lang='grc' dir='ltr'><strong>ἒ</strong></span> <span class='ocrx_word' id='word_1_254' title='bbox 761 3455 909 3623; x_wconf 66' lang='lat' dir='ltr'><strong>specim</strong></span> <span class='ocrx_word' id='word_1_255' title='bbox 923 3453 1063 3538; x_wconf 54' lang='lat' dir='ltr'><strong>§.abab</strong></span> <span class='ocrx_word' id='word_1_256' title='bbox 1077 3454 1114 3524; x_wconf 80' lang='lat' dir='ltr'><strong>bs</strong></span> <span class='ocrx_word' id='word_1_257' title='bbox 1128 3453 1244 3543; x_wconf 61' lang='lat' dir='ltr'><strong>&amp;rupa</strong></span> 
     </span>
    </p>
   </div>
   <div class='ocr_carea' id='block_1_4' title="bbox 190 3695 1325 4238">
    <p class='ocr_par' dir='ltr' id='par_1_4' title="bbox 190 3695 1325 4238">
     <span class='ocr_line' id='line_1_33' title="bbox 195 3695 1325 3805; baseline -0.002 -21"><span class='ocrx_word' id='word_1_258' title='bbox 195 3695 579 3788; x_wconf 57' lang='lat' dir='ltr'><strong>&amp;REBRESOENTE</strong></span> <span class='ocrx_word' id='word_1_259' title='bbox 592 3741 667 3787; x_wconf 88' lang='lat' dir='ltr'><strong>vero</strong></span> <span class='ocrx_word' id='word_1_260' title='bbox 681 3718 826 3805; x_wconf 78' lang='lat' dir='ltr'><strong>praediou·</strong></span> <span class='ocrx_word' id='word_1_261' title='bbox 840 3717 1000 3785; x_wconf 86' lang='lat' dir='ltr'><strong>Johannis</strong></span> <span class='ocrx_word' id='word_1_262' title='bbox 1021 3719 1236 3796; x_wconf 66' lang='lat' dir='ltr'><strong>wousaoione,</strong></span> <span class='ocrx_word' id='word_1_263' title='bbox 1252 3722 1325 3782; x_wconf 90' lang='lat' dir='ltr'><strong>tan-</strong></span> 
     </span>
     <span class='ocr_line' id='line_1_34' title="bbox 193 3805 1324 3891; baseline -0.001 -19"><span class='ocrx_word' id='word_1_264' title='bbox 193 3807 268 3873; x_wconf 89' lang='lat' dir='ltr'><strong>dem</strong></span> <span class='ocrx_word' id='word_1_265' title='bbox 281 3830 347 3873; x_wconf 87' lang='lat' dir='ltr'><strong>una</strong></span> <span class='ocrx_word' id='word_1_266' title='bbox 367 3814 470 3887; x_wconf 84' lang='lat' dir='ltr'><strong>nocte,</strong></span> <span class='ocrx_word' id='word_1_267' title='bbox 485 3829 559 3874; x_wconf 91' lang='lat' dir='ltr'><strong>cum</strong></span> <span class='ocrx_word' id='word_1_268' title='bbox 573 3827 698 3872; x_wconf 89' lang='lat' dir='ltr'><strong>merum</strong></span> <span class='ocrx_word' id='word_1_269' title='bbox 717 3805 900 3891; x_wconf 88' lang='lat' dir='ltr'><strong>splenderet</strong></span> <span class='ocrx_word' id='word_1_270' title='bbox 919 3805 956 3871; x_wconf 93' lang='lat' dir='ltr'><strong>in</strong></span> <span class='ocrx_word' id='word_1_271' title='bbox 969 3807 1061 3885; x_wconf 77' lang='lat' dir='ltr'><strong>vitro,</strong></span> <span class='ocrx_word' id='word_1_272' title='bbox 1076 3807 1145 3872; x_wconf 84' lang='lat' dir='ltr'><strong>sive</strong></span> <span class='ocrx_word' id='word_1_273' title='bbox 1159 3807 1195 3870; x_wconf 91' lang='lat' dir='ltr'><strong>in</strong></span> <span class='ocrx_word' id='word_1_274' title='bbox 1217 3805 1324 3884; x_wconf 89' lang='lat' dir='ltr'><strong>calice,</strong></span> 
     </span>
     <span class='ocr_line' id='line_1_35' title="bbox 192 3892 1324 3980; baseline -0.005 -19"><span class='ocrx_word' id='word_1_275' title='bbox 192 3899 227 3961; x_wconf 90' lang='lat' dir='ltr'><strong>et</strong></span> <span class='ocrx_word' id='word_1_276' title='bbox 255 3895 422 3961; x_wconf 79' lang='lat' dir='ltr'><strong>cubatum⁶</strong></span> <span class='ocrx_word' id='word_1_277' title='bbox 443 3915 499 3960; x_wconf 83' lang='lat' dir='ltr'><strong>rex</strong></span> <span class='ocrx_word' id='word_1_278' title='bbox 524 3895 653 3980; x_wconf 85' lang='lat' dir='ltr'><strong>Angliae</strong></span> <span class='ocrx_word' id='word_1_279' title='bbox 678 3915 752 3960; x_wconf 90' lang='lat' dir='ltr'><strong>cum</strong></span> <span class='ocrx_word' id='word_1_280' title='bbox 777 3893 844 3959; x_wconf 88' lang='lat' dir='ltr'><strong>suis</strong></span> <span class='ocrx_word' id='word_1_281' title='bbox 870 3894 1094 3960; x_wconf 89' lang='lat' dir='ltr'><strong>secrecioribus</strong></span> <span class='ocrx_word' id='word_1_282' title='bbox 1119 3892 1324 3958; x_wconf 88' lang='lat' dir='ltr'><strong>cubiculariis</strong></span> 
     </span>
     <span class='ocr_line' id='line_1_36' title="bbox 191 3980 1324 4067; baseline -0.004 -20"><span class='ocrx_word' id='word_1_283' title='bbox 191 3980 395 4067; x_wconf 77' lang='lat' dir='ltr'><strong>properaret,⁷</strong></span> <span class='ocrx_word' id='word_1_284' title='bbox 410 3982 450 4049; x_wconf 88' lang='lat' dir='ltr'><strong>de</strong></span> <span class='ocrx_word' id='word_1_285' title='bbox 463 3988 566 4048; x_wconf 89' lang='lat' dir='ltr'><strong>morte</strong></span> <span class='ocrx_word' id='word_1_286' title='bbox 580 3981 681 4066; x_wconf 90' lang='lat' dir='ltr'><strong>ipsius</strong></span> <span class='ocrx_word' id='word_1_287' title='bbox 696 3981 829 4046; x_wconf 80' lang='lat' dir='ltr'><strong>Roberti</strong></span> <span class='ocrx_word' id='word_1_288' title='bbox 842 3981 883 4046; x_wconf 89' lang='lat' dir='ltr'><strong>de</strong></span> <span class='ocrx_word' id='word_1_289' title='bbox 896 3982 999 4066; x_wconf 85' lang='lat' dir='ltr'><strong>Broys</strong></span> <span class='ocrx_word' id='word_1_290' title='bbox 1014 3981 1130 4045; x_wconf 79' lang='lat' dir='ltr'><strong>anxius</strong></span> <span class='ocrx_word' id='word_1_291' title='bbox 1150 3984 1324 4064; x_wconf 85' lang='lat' dir='ltr'><strong>pertracta·</strong></span> 
     </span>
     <span class='ocr_line' id='line_1_37' title="bbox 190 4065 1323 4154; baseline -0.004 -20"><span class='ocrx_word' id='word_1_292' title='bbox 190 4069 289 4148; x_wconf 58' lang='lat' dir='ltr'><strong>runt?</strong></span> <span class='ocrx_word' id='word_1_293' title='bbox 299 4075 340 4148; x_wconf 87' lang='lat' dir='ltr'><strong>et,</strong></span> <span class='ocrx_word' id='word_1_294' title='bbox 351 4069 438 4154; x_wconf 90' lang='lat' dir='ltr'><strong>quod</strong></span> <span class='ocrx_word' id='word_1_295' title='bbox 453 4069 489 4133; x_wconf 91' lang='lat' dir='ltr'><strong>in</strong></span> <span class='ocrx_word' id='word_1_296' title='bbox 502 4067 556 4134; x_wconf 87' lang='lat' dir='ltr'><strong>die</strong></span> <span class='ocrx_word' id='word_1_297' title='bbox 569 4067 707 4134; x_wconf 89' lang='lat' dir='ltr'><strong>crastino</strong></span> <span class='ocrx_word' id='word_1_298' title='bbox 718 4087 793 4132; x_wconf 89' lang='lat' dir='ltr'><strong>eum</strong></span> <span class='ocrx_word' id='word_1_299' title='bbox 802 4067 871 4132; x_wconf 86' lang='lat' dir='ltr'><strong>vita</strong></span> <span class='ocrx_word' id='word_1_300' title='bbox 880 4067 1029 4152; x_wconf 84' lang='lat' dir='ltr'><strong>p1ivarot‚</strong></span> <span class='ocrx_word' id='word_1_301' title='bbox 1039 4067 1178 4132; x_wconf 86' lang='lat' dir='ltr'><strong>breviter</strong></span> <span class='ocrx_word' id='word_1_302' title='bbox 1188 4065 1323 4130; x_wconf 90' lang='lat' dir='ltr'><strong>deliber·</strong></span> 
     </span>
     <span class='ocr_line' id='line_1_38' title="bbox 191 4152 1323 4238; baseline -0.003 -17"><span class='ocrx_word' id='word_1_303' title='bbox 191 4156 275 4221; x_wconf 86' lang='lat' dir='ltr'><strong>ando</strong></span> <span class='ocrx_word' id='word_1_304' title='bbox 300 4155 463 4222; x_wconf 89' lang='lat' dir='ltr'><strong>diffinivit.</strong></span> <span class='ocrx_word' id='word_1_305' title='bbox 509 4155 603 4235; x_wconf 80' lang='lat' dir='ltr'><strong>Quod</strong></span> <span class='ocrx_word' id='word_1_306' title='bbox 628 4175 703 4220; x_wconf 90' lang='lat' dir='ltr'><strong>curn</strong></span> <span class='ocrx_word' id='word_1_307' title='bbox 728 4154 909 4220; x_wconf 81' lang='lat' dir='ltr'><strong>Glovernioe</strong></span> <span class='ocrx_word' id='word_1_308' title='bbox 932 4174 1046 4233; x_wconf 86' lang='lat' dir='ltr'><strong>comes,</strong></span> <span class='ocrx_word' id='word_1_309' title='bbox 1066 4153 1168 4238; x_wconf 86' lang='lat' dir='ltr'><strong>ipsius</strong></span> <span class='ocrx_word' id='word_1_310' title='bbox 1189 4152 1323 4218; x_wconf 84' lang='lat' dir='ltr'><strong>Robcrti</strong></span> 
     </span>
    </p>
   </div>
   <div class='ocr_carea' id='block_1_5' title="bbox 238 4339 1318 4551">
    <p class='ocr_par' dir='ltr' id='par_1_5' title="bbox 238 4339 1318 4551">
     <span class='ocr_line' id='line_1_39' title="bbox 238 4339 1280 4410; baseline -0.004 -14"><span class='ocrx_word' id='word_1_311' title='bbox 238 4342 247 4377; x_wconf 84' lang='lat'>¹</span> <span class='ocrx_word' id='word_1_312' title='bbox 261 4345 289 4396; x_wconf 80' lang='grc' dir='ltr'><strong>Ο.</strong></span> <span class='ocrx_word' id='word_1_313' title='bbox 302 4343 336 4396; x_wconf 90' lang='lat' dir='ltr'><strong>D.</strong></span> <span class='ocrx_word' id='word_1_314' title='bbox 351 4344 381 4397; x_wconf 81' lang='grc' dir='ltr'><strong>Ε.</strong></span> <span class='ocrx_word' id='word_1_315' title='bbox 395 4343 568 4410; x_wconf 69' lang='lat' dir='ltr'><strong>suprodictus.</strong></span> <span class='ocrx_word' id='word_1_316' title='bbox 1027 4339 1080 4393; x_wconf 85' lang='lat' dir='ltr'><strong>²B.</strong></span> <span class='ocrx_word' id='word_1_317' title='bbox 1093 4341 1120 4394; x_wconf 79' lang='lat' dir='ltr'><strong>G.</strong></span> <span class='ocrx_word' id='word_1_318' title='bbox 1134 4340 1164 4393; x_wconf 69' lang='lat' dir='ltr'>R</span> <span class='ocrx_word' id='word_1_319' title='bbox 1178 4340 1280 4392; x_wconf 79' lang='lat' dir='ltr'><strong>addet.</strong></span> 
     </span>
     <span class='ocr_line' id='line_1_40' title="bbox 239 4410 1222 4478; baseline -0.004 -12"><span class='ocrx_word' id='word_1_320' title='bbox 239 4413 292 4466; x_wconf 82' lang='lat'><strong>³13.</strong></span> <span class='ocrx_word' id='word_1_321' title='bbox 306 4415 334 4467; x_wconf 79' lang='lat'><strong>0.</strong></span> <span class='ocrx_word' id='word_1_322' title='bbox 348 4416 379 4467; x_wconf 89' lang='lat' dir='ltr'><strong>D.</strong></span> <span class='ocrx_word' id='word_1_323' title='bbox 395 4415 426 4466; x_wconf 85' lang='grc' dir='ltr'><strong>Ε.</strong></span> <span class='ocrx_word' id='word_1_324' title='bbox 440 4415 612 4468; x_wconf 65' lang='lat' dir='ltr'><strong>enichatus.</strong></span> <span class='ocrx_word' id='word_1_325' title='bbox 672 4410 723 4465; x_wconf 76' lang='lat'><strong>⁴0.</strong></span> <span class='ocrx_word' id='word_1_326' title='bbox 736 4412 767 4464; x_wconf 84' lang='lat' dir='ltr'><strong>ll.</strong></span> <span class='ocrx_word' id='word_1_327' title='bbox 781 4413 912 4466; x_wconf 85' lang='lat' dir='ltr'><strong>astrictus.</strong></span> <span class='ocrx_word' id='word_1_328' title='bbox 1027 4411 1079 4465; x_wconf 79' lang='lat'><strong>⁶0.</strong></span> <span class='ocrx_word' id='word_1_329' title='bbox 1094 4413 1123 4464; x_wconf 68' lang='lat' dir='ltr'><strong>Ec</strong></span> <span class='ocrx_word' id='word_1_330' title='bbox 1137 4427 1222 4478; x_wconf 74' lang='lat' dir='ltr'><strong>snpra</strong></span> 
     </span>
     <span class='ocr_line' id='line_1_41' title="bbox 240 4479 1318 4551; baseline -0.004 -13"><span class='ocrx_word' id='word_1_331' title='bbox 240 4483 292 4538; x_wconf 79' lang='lat'><strong>⁶0.</strong></span> <span class='ocrx_word' id='word_1_332' title='bbox 306 4485 451 4539; x_wconf 80' lang='lat' dir='ltr'><strong>tabacum.</strong></span> <span class='ocrx_word' id='word_1_333' title='bbox 675 4481 726 4536; x_wconf 75' lang='grc' dir='ltr'><strong>Ὀ.</strong></span> <span class='ocrx_word' id='word_1_334' title='bbox 739 4483 772 4536; x_wconf 79' lang='lat' dir='ltr'><strong>E.</strong></span> <span class='ocrx_word' id='word_1_335' title='bbox 787 4488 961 4551; x_wconf 79' lang='lat' dir='ltr'><strong>perpetraret.</strong></span> <span class='ocrx_word' id='word_1_336' title='bbox 1028 4479 1080 4535; x_wconf 80' lang='lat'><strong>⁸0.</strong></span> <span class='ocrx_word' id='word_1_337' title='bbox 1094 4483 1124 4534; x_wconf 77' lang='lat' dir='ltr'><strong>a</strong></span> <span class='ocrx_word' id='word_1_338' title='bbox 1138 4480 1318 4550; x_wconf 78' lang='lat' dir='ltr'><strong>pertractavit.</strong></span> 
     </span>
    </p>
   </div>
   <div class='ocr_carea' id='block_1_6' title="bbox 0 0 1648 5112">
    <p class='ocr_par' dir='ltr' id='par_1_6' title="bbox 0 0 1648 5112">
     <span class='ocr_line' id='line_1_42' title="bbox 0 0 1648 5112; baseline 0 2"><span class='ocrx_word' id='word_1_339' title='bbox 0 0 1648 5112; x_wconf 95' lang='lat' dir='ltr'><strong> </strong></span> 
     </span>
    </p>
   </div>
  </div>
 </body>
</html>
