3282 5124
617 518 711 566 LIBER
725 515 878 567 ocrlvus.
1247 509 1302 566 181

187 693 243 758 per
257 677 488 759 procuratorem
502 673 542 738 sd
557 671 617 738 hoo
630 675 691 739 rite
704 676 915 740 eonstitutnm
932 675 1144 760 proponenda,
1158 675 1308 740 ordinarii

183 760 303 842 judicis
317 762 418 848 possit
427 760 610 846 jurisdieoio
624 761 785 828 declinari

268 1019 426 1106 §meiius
440 1021 478 1088 sb
493 1021 551 1088 but
564 1021 600 1090 br
614 1020 724 1096 rubent,
740 1041 808 1090 mm
822 1020 1126 1090 madibus-C.
1142 1021 1226 1088 xliii.

189 1145 319 1238 SED
341 1172 417 1258 quie
437 1193 570 1258 regnum
590 1171 697 1257 ipsum
720 1173 846 1249 Seooiae,
868 1173 962 1257 quod,
982 1180 1021 1239 ut
1045 1173 1167 1238 dietum
1188 1179 1245 1249 est,
1267 1171 1309 1236 ed

188 1259 364 1324 Romunsnr
378 1259 520 1324 noscitur
533 1259 699 1324 ecelesiam
712 1259 895 1324 immediate
908 1260 1073 1359 pertinere,
1089 1259 1127 1324 de
1138 1261 1210 1344 jure
1224 1279 1309 1323 oom-

187 1345 287 1423 muni‚
301 1366 358 1430 per
371 1345 456 1429 quod
470 1366 527 1430 per
541 1347 576 1410 in
591 1366 699 1430 penem
712 1366 778 1411 non
791 1343 899 1411 bebet¹
912 1347 1091 1431 imperium,
1105 1353 1138 1410 et
1151 1366 1208 1430 per
1222 1344 1308 1469 guod

187 1452 244 1497 rex
258 1432 325 1516 regi
339 1452 404 1496 non
418 1431 603 1509 subustus]
617 1451 750 1517 regnum
763 1430 881 1516 regno,¹
894 1453 952 1498 neo
972 1431 1083 1498 consul
1098 1431 1229 1509 consuli,
1256 1431 1309 1496 vel

187 1525 304 1603 proetor
316 1519 450 1603 praetori,
466 1518 564 1602 quod⁴
578 1518 738 1603 adipsum
753 1538 857 1602 regem
872 1517 997 1603 Anglioe
1010 1519 1074 1584 fuit
1094 1539 1217 1602 semper
1229 1517 1309 1582 libe-

187 1625 260 1669 rum
282 1605 420 1682 omnino,
441 1611 516 1680 ete
536 1603 689 1688 tempore⁵
704 1625 767 1688 que
784 1625 849 1668 non
870 1613 959 1670 extet
980 1606 1138 1681 memoris,
1153 1604 1309 1688 modoque

189 1693 299 1768 eciem,
313 1691 373 1756 sibi
388 1691 423 1754 in
438 1689 623 1774 hujusmodi
636 1691 791 1756 libertatis
806 1691 851 1756 ιιο
861 1693 1065 1775 possessione,
1079 1697 1188 1757 eontra
1202 1691 1308 1774 ipsum

189 1798 284 1862 super
301 1776 361 1842 hoo
375 1777 518 1861 legitime
539 1778 759 1861 proseouoione
773 1778 954 1858 munitum
975 1785 1006 1842 et
1029 1785 1186 1843 asseratur
1206 1778 1309 1842 eidem

188 1863 255 1948 regi
270 1864 398 1928 omnino
412 1867 484 1928 noe²
498 1883 566 1928 esso
581 1863 702 1928 leodele
716 1863 769 1929 vel
786 1863 968 1929 feodatum:
989 1865 1029 1929 de
1042 1867 1134 1948 eujus
1153 1865 1309 1928 contrario

189 1969 254 2017 non
268 1949 313 2013 sit
333 1949 431 2014 eciem
446 1950 538 2026 feste,
552 1949 608 2014 sed
622 1970 680 2014 neo
696 1950 765 2015 fieri
779 1950 902 2034 possit,8
915 1950 1022 2016 debite
1035 1950 1131 2029 fides3
1145 1950 1309 2035 judexque

190 2035 273 2100 nlius
294 2056 358 2100 non
380 2035 553 2119 reperiatur
572 2035 714 2119 ydoneus
735 2037 769 2100 in
792 2037 878 2102 diets
898 2057 1001 2113 oeuse,
1015 2037 1080 2102 nisi
1100 2042 1226 2102 tsnbrm
1240 2036 1310 2119 ipsu

189 2121 333 2186 Romans
347 2121 488 2200 seolseie,
498 2121 539 2186 ed
553 2142 649 2206 quem
663 2123 763 2206 possit
776 2143 832 2207 per
846 2123 956 2187 Sootos
970 2143 1124 2206 suumque
1145 2121 1310 2186 eeclesiam

191 2207 398 2285 Sootiounem,
426 2207 534 2272 laesnm
555 2214 622 2272 tem
644 2208 814 2274 enormiter
842 2215 875 2273 et
896 2228 1077 2292 oppressam
1105 2227 1162 2292 per
1188 2207 1310 2271 dietum

190 2314 302 2378 regem,
331 2313 388 2378 pro
416 2293 548 2378 justicie
579 2295 752 2378 optinenda
783 2299 878 2378 super
906 2294 967 2358 sibi
995 2293 1095 2358 illatis
1124 2293 1249 2378 injuriis
1278 2299 1311 2356 et

190 2379 340 2464 dampnis
362 2379 453 2456 detis,
475 2379 583 2444 heberi
604 2399 766 2460 recursus3
791 2380 994 2464 ejusdemque
1016 2380 1137 2444 domini
1162 2379 1252 2464 regis,
1273 2385 1312 2442 ut

189 2467 298 2550 pertis,
319 2465 473 2551 testisque
495 2465 602 2544 solius,
624 2487 689 2531 non
707 2467 814 2550 jurati,
835 2468 871 2531 in
893 2487 988 2532 oense
1008 2467 1078 2550 ipss
1099 2485 1157 2531 sus
1177 2465 1312 2550 proprie,

190 2552 427 2630 assensionibus,
448 2553 648 2629 testimoniis,
669 2561 727 2617 eut
747 2553 880 2638 eulogiis
902 2553 1083 2636 prelibatis,
1104 2573 1176 2636 quae
1196 2572 1253 2636 pro
1276 2571 1309 2616 se

190 2659 314 2705 summo
328 2639 471 2723 pontifici
482 2639 664 2716 destinavit,
674 2639 709 2704 in
719 2639 939 2724 praejudicium
949 2640 1048 2724 pertis
1059 2639 1205 2715 edversae,
1219 2639 1310 2722 cujus

190 2727 419 2791 ussereionibus
438 2732 614 2809 mutuoque
631 2725 778 2809 judioieli
800 2726 958 2802 conflictu,
980 2731 1012 2790 et
1032 2724 1111 2790 n0n⁹
1131 2725 1232 2790 literis
1257 2723 1310 2789 vel

189 2811 316 2889 libellis,
330 2832 495 2877 oeuserum
510 2813 622 2878 merite
633 2812 851 2912 declarantium
876 2833 935 2877 nee
949 2812 1051 2896 possit
1064 2817 1215 2896 praeteree
1224 2811 1309 2910 idern

188 2896 1310 3068 tldistulististffilfflbliuuululu

189 3071 311 3136 dietum
326 3079 395 3136 est:
420 3071 603 3156 precellens
617 3071 759 3156 ejusdem
773 3071 857 3136 sedis
871 3071 1050 3156 spostolioae
1064 3071 1224 3148 sutorites,
1238 3090 1310 3154 quse

189 3178 255 3222 non
265 3159 344 3224 sinit
354 3157 431 3222 telio
441 3159 476 3222 in
488 3158 646 3242 subjectos
656 3157 725 3224 fieri
735 3158 820 3242 quod
831 3166 879 3222 est
889 3157 1115 3242 potenoiae,sed
1127 3157 1310 3241 quodjuris,

190 3263 249 3308 nee
269 3245 305 3307 in
329 3243 507 3309 exhibenda
523 3245 655 3328 justicie
676 3244 716 3309 ed
741 3265 775 3310 se
797 3244 1060 3329 confugientibus,
1081 3244 1219 3308 menime
1233 3243 1310 3320 suis,

190 3329 298 3394 deesse
322 3329 482 3396 ullatenus
507 3331 680 3408 consuevit,
702 3330 850 3415 impediri
870 3331 923 3396 vel
947 3330 1147 3414 supersedere
1169 3349 1234 3394 non
1255 3329 1310 3394 de-

189 3415 280 3480 beret
292 3416 328 3479 in
341 3417 471 3499 praelato
486 3417 532 3481 sie
553 3416 594 3481 ed
616 3437 650 3482 ss
671 3415 837 3482 renotetou
852 3417 982 3501 negorio
1001 3417 1041 3482 de
1058 3418 1139 3500 jure,
1151 3419 1309 3500 pretextu

52 3505 56 3514 '
189 3501 320 3566 illorum
333 3503 375 3568 ed
387 3501 447 3567 hoo
461 3502 685 3588 produetornm
695 3523 752 3588 per
761 3504 867 3587 ipsum
880 3522 985 3586 regem
996 3503 1032 3566 in
1042 3504 1140 3588 pertis
1155 3501 1310 3578 ebrensis,

185 3589 283 3673 juste,
298 3595 336 3653 ut
355 3590 483 3674 inrepit,
496 3589 663 3674 procedere
677 3588 735 3653 st¹²
756 3609 793 3654 ee
806 3588 908 3655 fouere
921 3589 956 3653 in
978 3587 1063 3654 dieto
1082 3609 1178 3674 regno
1193 3589 1311 3654 Soooiee

190 3695 262 3760 ques
277 3680 353 3740 sunt
373 3675 472 3760 juris3
493 3677 633 3740 maxime
646 3675 722 3759 quie
743 3675 885 3758 ejusdem
906 3675 989 3760 regis
1002 3675 1136 3760 Angliae,
1156 3680 1309 3759 tunquam

190 3761 343 3846 sacrilegi,
356 3762 392 3826 in
405 3762 516 3828 multis
531 3760 690 3847 arguenda
704 3766 737 3826 et
750 3781 807 3846 per
823 3761 965 3847 judicem
979 3761 1118 3827 eoelesiae
1131 3767 1312 3846 perpetmte

190 3850 281 3915 venit
305 3848 445 3926 audacis,
469 3857 502 3914 et
526 3869 584 3914 suo
608 3847 798 3914 multimode
820 3868 878 3931 per
900 3848 1037 3914 eundem
1062 3847 1311 3914 ecclesiasticum

187 3934 329 4020 judicem
353 3934 524 4019 punienda,
545 3943 584 4000 ut
608 3935 763 4000 invasoris
775 3958 784 4014 3
812 3933 852 3999 de
877 3955 949 4019 quo,
970 3955 1163 4019 quemquem
1187 3953 1310 4016 megno,

191 4021 294 4106 ipsius
322 4027 372 4088 est
396 4020 535 4086 eoelesioe
560 4022 662 4088 faeere
690 4020 975 4107 conquirentibus¹⁸
999 4020 1194 4105 quibuslibet
1218 4019 1312 4096 lesis,

238 4207 289 4261 ¹0.
302 4209 332 4262 Ε.
345 4209 462 4261 baberet
579 4205 630 4260 ¹0.
643 4208 673 4259 Ε
686 4209 742 4260 odd
754 4209 830 4261 siout
999 4205 1051 4260 ³0.
1064 4205 1186 4258 oonsulti.

238 4278 496 4348 ‘Ruuuquu
579 4277 773 4330 ‘allodiis
997 4275 1304 4330 ‘Ruluuomueu

237 4349 472 4402 'Raddseoisrb
578 4345 738 4416 'sponsu
1000 4345 1171 4400 ’Odeum

227 4417 504 4487 bononisatum.
570 4417 589 4452 ¹¹
603 4419 850 4472 hadrumeto.
876 4421 908 4471 D.
918 4419 1141 4472 renotstoolterrd
1148 4425 1172 4470 to
1182 4420 1313 4470 revocate

227 4489 249 4524 ¹¹
261 4492 288 4547 G.
303 4491 333 4544 Ε.
347 4491 381 4542 in.
553 4545 555 4552 ,
569 4488 590 4524 ¹³
602 4489 630 4541 B.
646 4489 673 4540 C.
687 4489 716 4541 E.
730 4490 956 4557 conquerentibus.
