<?xml version="1.0" encoding="UTF-8"?>
<!DOCTYPE html PUBLIC "-//W3C//DTD XHTML 1.0 Transitional//EN"
    "http://www.w3.org/TR/xhtml1/DTD/xhtml1-transitional.dtd">
<html xmlns="http://www.w3.org/1999/xhtml" xml:lang="en" lang="en">
 <head>
  <title>
</title>
<meta http-equiv="Content-Type" content="text/html;charset=utf-8" />
  <meta name='ocr-system' content='tesseract 3.04.00' />
  <meta name='ocr-capabilities' content='ocr_page ocr_carea ocr_par ocr_line ocrx_word'/>
</head>
<body>
  <div class='ocr_page' id='page_1' title='image "./liberpluscarden01skengoog_0211.png"; bbox 0 0 3282 5124; ppageno 0'>
   <div class='ocr_carea' id='block_1_1' title="bbox 594 455 1302 520">
    <p class='ocr_par' dir='ltr' id='par_1_1' title="bbox 594 455 1302 520">
     <span class='ocr_line' id='line_1_1' title="bbox 594 455 1302 520; baseline -0.006 -2"><span class='ocrx_word' id='word_1_1' title='bbox 594 469 690 518; x_wconf 75' lang='lat' dir='ltr'>amns</span> <span class='ocrx_word' id='word_1_2' title='bbox 704 468 857 520; x_wconf 73' lang='lat' dir='ltr'>octavus.</span> <span class='ocrx_word' id='word_1_3' title='bbox 1242 455 1302 514; x_wconf 84' lang='lat'>153</span> 
     </span>
    </p>
   </div>
   <div class='ocr_carea' id='block_1_2' title="bbox 78 625 1456 3910">
    <p class='ocr_par' dir='ltr' id='par_1_2' title="bbox 177 625 1422 1656">
     <span class='ocr_line' id='line_1_2' title="bbox 178 625 1305 714; baseline -0.002 -21"><span class='ocrx_word' id='word_1_4' title='bbox 178 627 264 714; x_wconf 88' lang='lat' dir='ltr'>apud</span> <span class='ocrx_word' id='word_1_5' title='bbox 278 626 405 712; x_wconf 90' lang='lat' dir='ltr'>Duplin</span> <span class='ocrx_word' id='word_1_6' title='bbox 418 626 600 713; x_wconf 78' lang='lat' dir='ltr'>incipiebat.</span> <span class='ocrx_word' id='word_1_7' title='bbox 643 625 819 692; x_wconf 85' lang='lat' dir='ltr'>Edwardus</span> <span class='ocrx_word' id='word_1_8' title='bbox 832 647 916 704; x_wconf 88' lang='lat' dir='ltr'>varo,</span> <span class='ocrx_word' id='word_1_9' title='bbox 931 647 987 693; x_wconf 84' lang='lat' dir='ltr'>rex</span> <span class='ocrx_word' id='word_1_10' title='bbox 1001 626 1134 712; x_wconf 82' lang='lat' dir='ltr'>Angliae,</span> <span class='ocrx_word' id='word_1_11' title='bbox 1148 633 1256 692; x_wconf 88' lang='lat' dir='ltr'>movet</span> <span class='ocrx_word' id='word_1_12' title='bbox 1270 646 1305 691; x_wconf 89' lang='lat' dir='ltr'>se</span> 
     </span>
     <span class='ocr_line' id='line_1_3' title="bbox 177 711 1306 799; baseline -0.003 -19"><span class='ocrx_word' id='word_1_13' title='bbox 177 715 318 792; x_wconf 89' lang='lat' dir='ltr'>tandem,</span> <span class='ocrx_word' id='word_1_14' title='bbox 331 719 405 799; x_wconf 85' lang='lat' dir='ltr'>post</span> <span class='ocrx_word' id='word_1_15' title='bbox 418 713 667 799; x_wconf 83' lang='lat' dir='ltr'>resignaoionem</span> <span class='ocrx_word' id='word_1_16' title='bbox 687 711 864 778; x_wconf 74' lang='lat' dir='ltr'>invalidam</span> <span class='ocrx_word' id='word_1_17' title='bbox 877 715 966 798; x_wconf 84' lang='lat' dir='ltr'>regni</span> <span class='ocrx_word' id='word_1_18' title='bbox 988 714 1114 792; x_wconf 84' lang='lat' dir='ltr'>Scoeiae,</span> <span class='ocrx_word' id='word_1_19' title='bbox 1128 713 1215 798; x_wconf 89' lang='lat' dir='ltr'>apud</span> <span class='ocrx_word' id='word_1_20' title='bbox 1229 714 1306 778; x_wconf 88' lang='lat' dir='ltr'>Ber·</span> 
     </span>
     <span class='ocr_line' id='line_1_4' title="bbox 178 799 1306 885; baseline -0.004 -19"><span class='ocrx_word' id='word_1_21' title='bbox 178 802 304 878; x_wconf 81' lang='lat' dir='ltr'>wicum,</span> <span class='ocrx_word' id='word_1_22' title='bbox 325 801 382 865; x_wconf 93' lang='lat' dir='ltr'>ubi</span> <span class='ocrx_word' id='word_1_23' title='bbox 403 821 513 866; x_wconf 90' lang='lat' dir='ltr'>omnes</span> <span class='ocrx_word' id='word_1_24' title='bbox 537 820 680 884; x_wconf 79' lang='lat' dir='ltr'>proceres</span> <span class='ocrx_word' id='word_1_25' title='bbox 702 808 736 865; x_wconf 89' lang='lat' dir='ltr'>et</span> <span class='ocrx_word' id='word_1_26' title='bbox 755 799 902 885; x_wconf 85' lang='lat' dir='ltr'>praelatos</span> <span class='ocrx_word' id='word_1_27' title='bbox 924 800 964 866; x_wconf 94' lang='lat' dir='ltr'>de</span> <span class='ocrx_word' id='word_1_28' title='bbox 986 801 1096 866; x_wconf 85' lang='lat' dir='ltr'>Scocia</span> <span class='ocrx_word' id='word_1_29' title='bbox 1117 801 1208 864; x_wconf 89' lang='lat' dir='ltr'>citari</span> <span class='ocrx_word' id='word_1_30' title='bbox 1229 799 1306 864; x_wconf 83' lang='lat' dir='ltr'>fecit</span> 
     </span>
     <span class='ocr_line' id='line_1_5' title="bbox 179 885 1307 972; baseline -0.004 -18"><span class='ocrx_word' id='word_1_31' title='bbox 179 909 285 954; x_wconf 89' lang='lat' dir='ltr'>eoram</span> <span class='ocrx_word' id='word_1_32' title='bbox 299 909 354 953; x_wconf 94' lang='lat' dir='ltr'>eo:</span> <span class='ocrx_word' id='word_1_33' title='bbox 377 889 434 972; x_wconf 90' lang='lat' dir='ltr'>qui</span> <span class='ocrx_word' id='word_1_34' title='bbox 453 908 512 971; x_wconf 90' lang='lat' dir='ltr'>pro</span> <span class='ocrx_word' id='word_1_35' title='bbox 525 887 638 971; x_wconf 88' lang='lat' dir='ltr'>majori</span> <span class='ocrx_word' id='word_1_36' title='bbox 650 893 741 970; x_wconf 88' lang='lat' dir='ltr'>parte</span> <span class='ocrx_word' id='word_1_37' title='bbox 762 886 882 951; x_wconf 88' lang='lat' dir='ltr'>ibidem</span> <span class='ocrx_word' id='word_1_38' title='bbox 895 893 1061 964; x_wconf 90' lang='lat' dir='ltr'>venerunt,</span> <span class='ocrx_word' id='word_1_39' title='bbox 1075 895 1108 952; x_wconf 89' lang='lat' dir='ltr'>et</span> <span class='ocrx_word' id='word_1_40' title='bbox 1122 886 1185 952; x_wconf 91' lang='lat' dir='ltr'>sibi</span> <span class='ocrx_word' id='word_1_41' title='bbox 1198 885 1307 950; x_wconf 88' lang='lat' dir='ltr'>taliter</span> 
     </span>
     <span class='ocr_line' id='line_1_6' title="bbox 180 973 1307 1060; baseline -0.004 -20"><span class='ocrx_word' id='word_1_42' title='bbox 180 975 318 1060; x_wconf 72' lang='lat' dir='ltr'>qualiter</span> <span class='ocrx_word' id='word_1_43' title='bbox 338 973 521 1058; x_wconf 86' lang='lat' dir='ltr'>homagium</span> <span class='ocrx_word' id='word_1_44' title='bbox 542 973 693 1050; x_wconf 83' lang='lat' dir='ltr'>fecerunt,</span> <span class='ocrx_word' id='word_1_45' title='bbox 707 993 793 1038; x_wconf 90' lang='lat' dir='ltr'>mora</span> <span class='ocrx_word' id='word_1_46' title='bbox 814 993 881 1050; x_wconf 91' lang='lat' dir='ltr'>suo,</span> <span class='ocrx_word' id='word_1_47' title='bbox 894 973 972 1038; x_wconf 91' lang='lat' dir='ltr'>licet</span> <span class='ocrx_word' id='word_1_48' title='bbox 986 973 1099 1039; x_wconf 87' lang='lat' dir='ltr'>eoaeti¹</span> <span class='ocrx_word' id='word_1_49' title='bbox 1113 973 1251 1058; x_wconf 86' lang='lat' dir='ltr'>pervim</span> <span class='ocrx_word' id='word_1_50' title='bbox 1273 979 1307 1037; x_wconf 89' lang='lat' dir='ltr'>et</span> 
     </span>
     <span class='ocr_line' id='line_1_7' title="bbox 179 1059 1307 1145; baseline -0.004 -19"><span class='ocrx_word' id='word_1_51' title='bbox 179 1067 311 1138; x_wconf 91' lang='lat' dir='ltr'>metum,</span> <span class='ocrx_word' id='word_1_52' title='bbox 335 1060 468 1125; x_wconf 76' lang='lat' dir='ltr'>redditis</span> <span class='ocrx_word' id='word_1_53' title='bbox 497 1060 560 1124; x_wconf 89' lang='lat' dir='ltr'>sibi</span> <span class='ocrx_word' id='word_1_54' title='bbox 584 1061 696 1124; x_wconf 88' lang='lat' dir='ltr'>castris</span> <span class='ocrx_word' id='word_1_55' title='bbox 721 1068 754 1124; x_wconf 93' lang='lat' dir='ltr'>et</span> <span class='ocrx_word' id='word_1_56' title='bbox 781 1059 860 1124; x_wconf 90' lang='lat' dir='ltr'>loeis</span> <span class='ocrx_word' id='word_1_57' title='bbox 883 1061 1064 1126; x_wconf 74' lang='lat' dir='ltr'>fortissimis</span> <span class='ocrx_word' id='word_1_58' title='bbox 1086 1059 1182 1145; x_wconf 86' lang='lat' dir='ltr'>regni.</span> <span class='ocrx_word' id='word_1_59' title='bbox 1242 1059 1307 1136; x_wconf 81' lang='lat' dir='ltr'>Qui</span> 
     </span>
     <span class='ocr_line' id='line_1_8' title="bbox 180 1146 1307 1231; baseline -0.003 -18"><span class='ocrx_word' id='word_1_60' title='bbox 180 1155 289 1213; x_wconf 88' lang='lat' dir='ltr'>tamen</span> <span class='ocrx_word' id='word_1_61' title='bbox 302 1168 369 1211; x_wconf 91' lang='lat' dir='ltr'>non</span> <span class='ocrx_word' id='word_1_62' title='bbox 382 1147 523 1212; x_wconf 88' lang='lat' dir='ltr'>mutavit</span> <span class='ocrx_word' id='word_1_63' title='bbox 545 1147 736 1231; x_wconf 78' lang='lat' dir='ltr'>capitaneos,</span> <span class='ocrx_word' id='word_1_64' title='bbox 749 1167 855 1230; x_wconf 91' lang='lat' dir='ltr'>neque</span> <span class='ocrx_word' id='word_1_65' title='bbox 876 1147 955 1210; x_wconf 89' lang='lat' dir='ltr'>alios</span> <span class='ocrx_word' id='word_1_66' title='bbox 976 1146 1142 1212; x_wconf 88' lang='lat' dir='ltr'>officiarios</span> <span class='ocrx_word' id='word_1_67' title='bbox 1160 1146 1307 1230; x_wconf 81' lang='lat' dir='ltr'>justiciae,</span> 
     </span>
     <span class='ocr_line' id='line_1_9' title="bbox 180 1232 1422 1318; baseline -0.002 -20"><span class='ocrx_word' id='word_1_68' title='bbox 180 1235 245 1312; x_wconf 87' lang='lat' dir='ltr'>sed,</span> <span class='ocrx_word' id='word_1_69' title='bbox 267 1232 404 1318; x_wconf 81' lang='lat' dir='ltr'>reperto²</span> <span class='ocrx_word' id='word_1_70' title='bbox 428 1234 469 1298; x_wconf 87' lang='lat' dir='ltr'>ab</span> <span class='ocrx_word' id='word_1_71' title='bbox 497 1233 618 1298; x_wconf 89' lang='lat' dir='ltr'>eisdem</span> <span class='ocrx_word' id='word_1_72' title='bbox 643 1235 835 1317; x_wconf 87' lang='lat' dir='ltr'>juramento,</span> <span class='ocrx_word' id='word_1_73' title='bbox 860 1233 979 1298; x_wconf 89' lang='lat' dir='ltr'>eisdem</span> <span class='ocrx_word' id='word_1_74' title='bbox 1008 1253 1067 1298; x_wconf 91' lang='lat' dir='ltr'>sua</span> <span class='ocrx_word' id='word_1_75' title='bbox 1094 1233 1308 1318; x_wconf 86' lang='lat' dir='ltr'>gubemaenla</span> <span class='ocrx_word' id='word_1_76' title='bbox 1416 1259 1422 1266; x_wconf 96' lang='lat'>·</span> 
     </span>
     <span class='ocr_line' id='line_1_10' title="bbox 179 1319 1309 1404; baseline -0.002 -20"><span class='ocrx_word' id='word_1_77' title='bbox 179 1321 354 1404; x_wconf 88' lang='lat' dir='ltr'>unicuique</span> <span class='ocrx_word' id='word_1_78' title='bbox 368 1319 545 1400; x_wconf 89' lang='lat' dir='ltr'>commisit;</span> <span class='ocrx_word' id='word_1_79' title='bbox 566 1340 678 1384; x_wconf 89' lang='lat' dir='ltr'>verum</span> <span class='ocrx_word' id='word_1_80' title='bbox 699 1320 881 1404; x_wconf 83' lang='lat' dir='ltr'>capitaneos</span> <span class='ocrx_word' id='word_1_81' title='bbox 902 1320 1146 1385; x_wconf 86' lang='lat' dir='ltr'>fortissimorum</span> <span class='ocrx_word' id='word_1_82' title='bbox 1166 1319 1309 1384; x_wconf 88' lang='lat' dir='ltr'>locomm</span> 
     </span>
     <span class='ocr_line' id='line_1_11' title="bbox 179 1405 1309 1492; baseline -0.003 -21"><span class='ocrx_word' id='word_1_83' title='bbox 179 1407 327 1484; x_wconf 86' lang='lat' dir='ltr'>mutavit,</span> <span class='ocrx_word' id='word_1_84' title='bbox 341 1411 375 1472; x_wconf 92' lang='lat' dir='ltr'>et</span> <span class='ocrx_word' id='word_1_85' title='bbox 388 1407 468 1471; x_wconf 90' lang='lat' dir='ltr'>alios</span> <span class='ocrx_word' id='word_1_86' title='bbox 490 1405 636 1471; x_wconf 80' lang='lat' dir='ltr'>custodes</span> <span class='ocrx_word' id='word_1_87' title='bbox 658 1407 693 1470; x_wconf 93' lang='lat' dir='ltr'>in</span> <span class='ocrx_word' id='word_1_88' title='bbox 715 1427 824 1471; x_wconf 88' lang='lat' dir='ltr'>eorum</span> <span class='ocrx_word' id='word_1_89' title='bbox 845 1407 924 1472; x_wconf 90' lang='lat' dir='ltr'>locis</span> <span class='ocrx_word' id='word_1_90' title='bbox 939 1407 1114 1492; x_wconf 88' lang='lat' dir='ltr'>deputavit,</span> <span class='ocrx_word' id='word_1_91' title='bbox 1129 1427 1167 1471; x_wconf 89' lang='lat' dir='ltr'>ao</span> <span class='ocrx_word' id='word_1_92' title='bbox 1180 1405 1309 1470; x_wconf 88' lang='lat' dir='ltr'>thesau-</span> 
     </span>
     <span class='ocr_line' id='line_1_12' title="bbox 181 1492 1311 1578; baseline -0.004 -20"><span class='ocrx_word' id='word_1_93' title='bbox 181 1494 279 1558; x_wconf 90' lang='lat' dir='ltr'>rarios</span> <span class='ocrx_word' id='word_1_94' title='bbox 290 1492 459 1569; x_wconf 89' lang='lat' dir='ltr'>ordinavit,</span> <span class='ocrx_word' id='word_1_95' title='bbox 473 1500 507 1557; x_wconf 90' lang='lat' dir='ltr'>at</span> <span class='ocrx_word' id='word_1_96' title='bbox 521 1492 600 1558; x_wconf 84' lang='lat' dir='ltr'>alios</span> <span class='ocrx_word' id='word_1_97' title='bbox 613 1492 775 1557; x_wconf 86' lang='lat' dir='ltr'>redituum</span> <span class='ocrx_word' id='word_1_98' title='bbox 788 1500 972 1578; x_wconf 83' lang='lat' dir='ltr'>receptores.</span> <span class='ocrx_word' id='word_1_99' title='bbox 1016 1495 1060 1558; x_wconf 88' lang='lat' dir='ltr'>Et</span> <span class='ocrx_word' id='word_1_100' title='bbox 1073 1497 1311 1577; x_wconf 88' lang='lat' dir='ltr'>consequenter,</span> 
     </span>
     <span class='ocr_line' id='line_1_13' title="bbox 180 1579 1311 1656; baseline -0.002 -12"><span class='ocrx_word' id='word_1_101' title='bbox 180 1580 312 1645; x_wconf 82' lang='lat' dir='ltr'>enodem</span> <span class='ocrx_word' id='word_1_102' title='bbox 334 1599 368 1644; x_wconf 89' lang='lat' dir='ltr'>aa</span> <span class='ocrx_word' id='word_1_103' title='bbox 385 1579 464 1644; x_wconf 87' lang='lat' dir='ltr'>satis</span> <span class='ocrx_word' id='word_1_104' title='bbox 485 1599 633 1644; x_wconf 74' lang='lat' dir='ltr'>smurum</span> <span class='ocrx_word' id='word_1_105' title='bbox 654 1599 722 1644; x_wconf 88' lang='lat' dir='ltr'>assa</span> <span class='ocrx_word' id='word_1_106' title='bbox 737 1580 777 1644; x_wconf 90' lang='lat' dir='ltr'>de</span> <span class='ocrx_word' id='word_1_107' title='bbox 791 1580 907 1644; x_wconf 88' lang='lat' dir='ltr'>humili</span> <span class='ocrx_word' id='word_1_108' title='bbox 930 1580 1096 1645; x_wconf 87' lang='lat' dir='ltr'>Scotomm</span> <span class='ocrx_word' id='word_1_109' title='bbox 1118 1579 1311 1656; x_wconf 88' lang='lat' dir='ltr'>obediencia,</span> 
     </span>
    </p>

    <p class='ocr_par' dir='ltr' id='par_1_3' title="bbox 78 1665 1456 3910">
     <span class='ocr_line' id='line_1_14' title="bbox 78 1665 1312 1751; baseline -0.004 -17"><span class='ocrx_word' id='word_1_110' title='bbox 78 1723 82 1734; x_wconf 94' lang='lat'>.</span> <span class='ocrx_word' id='word_1_111' title='bbox 183 1665 342 1751; x_wconf 91' lang='lat' dir='ltr'>disposuit</span> <span class='ocrx_word' id='word_1_112' title='bbox 370 1685 404 1730; x_wconf 89' lang='lat' dir='ltr'>se</span> <span class='ocrx_word' id='word_1_113' title='bbox 429 1686 536 1750; x_wconf 82' lang='lat' dir='ltr'>segem</span> <span class='ocrx_word' id='word_1_114' title='bbox 561 1666 755 1731; x_wconf 82' lang='lat' dir='ltr'>aneorum</span> <span class='ocrx_word' id='word_1_115' title='bbox 783 1666 949 1733; x_wconf 85' lang='lat' dir='ltr'>debellare.</span> <span class='ocrx_word' id='word_1_116' title='bbox 993 1667 1109 1732; x_wconf 85' lang='lat' dir='ltr'>Statim</span> <span class='ocrx_word' id='word_1_117' title='bbox 1135 1687 1210 1732; x_wconf 86' lang='lat' dir='ltr'>vero</span> <span class='ocrx_word' id='word_1_118' title='bbox 1238 1671 1312 1750; x_wconf 90' lang='lat' dir='ltr'>post</span> 
     </span>
     <span class='ocr_line' id='line_1_15' title="bbox 182 1752 1313 1839; baseline -0.003 -21"><span class='ocrx_word' id='word_1_119' title='bbox 182 1754 252 1837; x_wconf 83' lang='lat' dir='ltr'>ejus</span> <span class='ocrx_word' id='word_1_120' title='bbox 261 1752 385 1821; x_wconf 82' lang='lat' dir='ltr'>exitum</span> <span class='ocrx_word' id='word_1_121' title='bbox 395 1752 435 1817; x_wconf 90' lang='lat' dir='ltr'>de</span> <span class='ocrx_word' id='word_1_122' title='bbox 443 1752 794 1836; x_wconf 85' lang='lat' dir='ltr'>AngliainFranciam,</span> <span class='ocrx_word' id='word_1_123' title='bbox 805 1754 984 1839; x_wconf 81' lang='lat' dir='ltr'>congregati</span> <span class='ocrx_word' id='word_1_124' title='bbox 994 1759 1071 1818; x_wconf 89' lang='lat' dir='ltr'>sunt</span> <span class='ocrx_word' id='word_1_125' title='bbox 1081 1754 1166 1837; x_wconf 89' lang='lat' dir='ltr'>apud</span> <span class='ocrx_word' id='word_1_126' title='bbox 1177 1754 1313 1818; x_wconf 84' lang='lat' dir='ltr'>Soonam</span> 
     </span>
     <span class='ocr_line' id='line_1_16' title="bbox 183 1839 1314 1924; baseline -0.001 -20"><span class='ocrx_word' id='word_1_127' title='bbox 183 1859 293 1904; x_wconf 90' lang='lat' dir='ltr'>omnes</span> <span class='ocrx_word' id='word_1_128' title='bbox 307 1847 471 1924; x_wconf 84' lang='lat' dir='ltr'>magnates</span> <span class='ocrx_word' id='word_1_129' title='bbox 491 1839 618 1922; x_wconf 84' lang='lat' dir='ltr'>Scociae,</span> <span class='ocrx_word' id='word_1_130' title='bbox 633 1858 707 1903; x_wconf 93' lang='lat' dir='ltr'>cum</span> <span class='ocrx_word' id='word_1_131' title='bbox 728 1839 799 1904; x_wconf 88' lang='lat' dir='ltr'>aliis</span> <span class='ocrx_word' id='word_1_132' title='bbox 820 1839 999 1923; x_wconf 79' lang='lat' dir='ltr'>Anglicatis</span> <span class='ocrx_word' id='word_1_133' title='bbox 1022 1841 1133 1918; x_wconf 88' lang='lat' dir='ltr'>Sectis,</span> <span class='ocrx_word' id='word_1_134' title='bbox 1147 1848 1179 1906; x_wconf 87' lang='lat' dir='ltr'>et</span> <span class='ocrx_word' id='word_1_135' title='bbox 1193 1839 1314 1904; x_wconf 88' lang='lat' dir='ltr'>ibidem</span> 
     </span>
     <span class='ocr_line' id='line_1_17' title="bbox 183 1925 1313 2012; baseline 0 -22"><span class='ocrx_word' id='word_1_136' title='bbox 183 1946 279 1990; x_wconf 89' lang='lat' dir='ltr'>suum</span> <span class='ocrx_word' id='word_1_137' title='bbox 301 1931 484 1990; x_wconf 87' lang='lat' dir='ltr'>statuemnt</span> <span class='ocrx_word' id='word_1_138' title='bbox 504 1925 769 2009; x_wconf 77' lang='lat' dir='ltr'>parliamentum:</span> <span class='ocrx_word' id='word_1_139' title='bbox 792 1927 849 1990; x_wconf 93' lang='lat' dir='ltr'>ubi</span> <span class='ocrx_word' id='word_1_140' title='bbox 869 1927 917 1990; x_wconf 85' lang='lat' dir='ltr'>xii</span> <span class='ocrx_word' id='word_1_141' title='bbox 931 1927 967 1990; x_wconf 93' lang='lat' dir='ltr'>in</span> <span class='ocrx_word' id='word_1_142' title='bbox 980 1947 1077 2012; x_wconf 83' lang='lat' dir='ltr'>ragno</span> <span class='ocrx_word' id='word_1_143' title='bbox 1100 1927 1217 1992; x_wconf 84' lang='lat' dir='ltr'>Seociae</span> <span class='ocrx_word' id='word_1_144' title='bbox 1238 1945 1313 1990; x_wconf 91' lang='lat' dir='ltr'>con-</span> 
     </span>
     <span class='ocr_line' id='line_1_18' title="bbox 183 2012 1314 2098; baseline 0 -22"><span class='ocrx_word' id='word_1_145' title='bbox 183 2013 358 2076; x_wconf 89' lang='lat' dir='ltr'>stituerunt</span> <span class='ocrx_word' id='word_1_146' title='bbox 372 2013 528 2089; x_wconf 91' lang='lat' dir='ltr'>custodes,</span> <span class='ocrx_word' id='word_1_147' title='bbox 543 2012 611 2076; x_wconf 87' lang='lat' dir='ltr'>sive</span> <span class='ocrx_word' id='word_1_148' title='bbox 625 2013 714 2097; x_wconf 85' lang='lat' dir='ltr'>regni</span> <span class='ocrx_word' id='word_1_149' title='bbox 729 2033 829 2096; x_wconf 89' lang='lat' dir='ltr'>pares,</span> <span class='ocrx_word' id='word_1_150' title='bbox 843 2012 884 2077; x_wconf 90' lang='lat' dir='ltr'>ad</span> <span class='ocrx_word' id='word_1_151' title='bbox 898 2013 1034 2077; x_wconf 86' lang='lat' dir='ltr'>tutelam</span> <span class='ocrx_word' id='word_1_152' title='bbox 1049 2019 1082 2078; x_wconf 90' lang='lat' dir='ltr'>et</span> <span class='ocrx_word' id='word_1_153' title='bbox 1095 2013 1185 2098; x_wconf 83' lang='lat' dir='ltr'>regni</span> <span class='ocrx_word' id='word_1_154' title='bbox 1199 2013 1314 2076; x_wconf 80' lang='lat' dir='ltr'>trucio-</span> 
     </span>
     <span class='ocr_line' id='line_1_19' title="bbox 184 2097 1315 2186; baseline -0.001 -25"><span class='ocrx_word' id='word_1_155' title='bbox 184 2118 267 2176; x_wconf 80' lang='lat' dir='ltr'>nem,</span> <span class='ocrx_word' id='word_1_156' title='bbox 288 2103 320 2162; x_wconf 94' lang='lat' dir='ltr'>et</span> <span class='ocrx_word' id='word_1_157' title='bbox 341 2098 556 2186; x_wconf 78' lang='lat' dir='ltr'>defensionem</span> <span class='ocrx_word' id='word_1_158' title='bbox 577 2098 735 2164; x_wconf 84' lang='lat' dir='ltr'>libertatis</span> <span class='ocrx_word' id='word_1_159' title='bbox 757 2099 917 2183; x_wconf 65' lang='lat' dir='ltr'>ejusdem</span> <span class='ocrx_word' id='word_1_160' title='bbox 943 2107 985 2177; x_wconf 90' lang='lat' dir='ltr'>et,</span> <span class='ocrx_word' id='word_1_161' title='bbox 999 2105 1037 2162; x_wconf 92' lang='lat' dir='ltr'>ut</span> <span class='ocrx_word' id='word_1_162' title='bbox 1059 2100 1132 2164; x_wconf 87' lang='lat' dir='ltr'>talis</span> <span class='ocrx_word' id='word_1_163' title='bbox 1155 2097 1315 2163; x_wconf 82' lang='lat' dir='ltr'>ordinacio</span> 
     </span>
     <span class='ocr_line' id='line_1_20' title="bbox 184 2183 1315 2269; baseline -0.002 -21"><span class='ocrx_word' id='word_1_164' title='bbox 184 2184 314 2268; x_wconf 86' lang='lat' dir='ltr'>majoris</span> <span class='ocrx_word' id='word_1_165' title='bbox 328 2184 488 2248; x_wconf 89' lang='lat' dir='ltr'>firmitatis</span> <span class='ocrx_word' id='word_1_166' title='bbox 505 2185 601 2248; x_wconf 85' lang='lat' dir='ltr'>robur</span> <span class='ocrx_word' id='word_1_167' title='bbox 614 2185 755 2264; x_wconf 87' lang='lat' dir='ltr'>haberet,</span> <span class='ocrx_word' id='word_1_168' title='bbox 770 2205 828 2269; x_wconf 92' lang='lat' dir='ltr'>pro</span> <span class='ocrx_word' id='word_1_169' title='bbox 842 2185 964 2249; x_wconf 91' lang='lat' dir='ltr'>mutuis</span> <span class='ocrx_word' id='word_1_170' title='bbox 986 2185 1157 2262; x_wconf 81' lang='lat' dir='ltr'>favoribus,</span> <span class='ocrx_word' id='word_1_171' title='bbox 1172 2183 1315 2248; x_wconf 88' lang='lat' dir='ltr'>consiliis</span> 
     </span>
     <span class='ocr_line' id='line_1_21' title="bbox 186 2269 1315 2356; baseline -0.002 -22"><span class='ocrx_word' id='word_1_172' title='bbox 186 2277 219 2335; x_wconf 92' lang='lat' dir='ltr'>et</span> <span class='ocrx_word' id='word_1_173' title='bbox 233 2269 363 2334; x_wconf 81' lang='lat' dir='ltr'>auxiliis</span> <span class='ocrx_word' id='word_1_174' title='bbox 385 2270 448 2335; x_wconf 90' lang='lat' dir='ltr'>sibi</span> <span class='ocrx_word' id='word_1_175' title='bbox 468 2271 585 2335; x_wconf 87' lang='lat' dir='ltr'>futuris</span> <span class='ocrx_word' id='word_1_176' title='bbox 605 2271 801 2355; x_wconf 86' lang='lat' dir='ltr'>temporibus</span> <span class='ocrx_word' id='word_1_177' title='bbox 823 2271 1054 2356; x_wconf 88' lang='lat' dir='ltr'>impendendis,</span> <span class='ocrx_word' id='word_1_178' title='bbox 1069 2291 1180 2336; x_wconf 89' lang='lat' dir='ltr'>omncs</span> <span class='ocrx_word' id='word_1_179' title='bbox 1201 2269 1315 2334; x_wconf 89' lang='lat' dir='ltr'>unani-</span> 
     </span>
     <span class='ocr_line' id='line_1_22' title="bbox 186 2355 1315 2441; baseline -0.001 -21"><span class='ocrx_word' id='word_1_180' title='bbox 186 2357 282 2422; x_wconf 92' lang='lat' dir='ltr'>miter</span> <span class='ocrx_word' id='word_1_181' title='bbox 303 2355 412 2420; x_wconf 80' lang='lat' dir='ltr'>simul⁸</span> <span class='ocrx_word' id='word_1_182' title='bbox 426 2362 504 2421; x_wconf 90' lang='lat' dir='ltr'>sunt</span> <span class='ocrx_word' id='word_1_183' title='bbox 517 2377 632 2441; x_wconf 88' lang='lat' dir='ltr'>magno</span> <span class='ocrx_word' id='word_1_184' title='bbox 653 2363 850 2423; x_wconf 87' lang='lat' dir='ltr'>sacramento</span> <span class='ocrx_word' id='word_1_185' title='bbox 868 2357 976 2441; x_wconf 85' lang='lat' dir='ltr'>jurati</span> <span class='ocrx_word' id='word_1_186' title='bbox 1021 2359 1098 2422; x_wconf 89' lang='lat' dir='ltr'>Post</span> <span class='ocrx_word' id='word_1_187' title='bbox 1119 2355 1193 2422; x_wconf 76' lang='lat' dir='ltr'>hoc⁴</span> <span class='ocrx_word' id='word_1_188' title='bbox 1206 2361 1315 2420; x_wconf 89' lang='lat' dir='ltr'>autem</span> 
     </span>
     <span class='ocr_line' id='line_1_23' title="bbox 187 2443 1317 2528; baseline -0.002 -20"><span class='ocrx_word' id='word_1_189' title='bbox 187 2450 289 2508; x_wconf 85' lang='lat' dir='ltr'>eastre</span> <span class='ocrx_word' id='word_1_190' title='bbox 325 2450 473 2527; x_wconf 89' lang='lat' dir='ltr'>reparant</span> <span class='ocrx_word' id='word_1_191' title='bbox 507 2444 645 2521; x_wconf 88' lang='lat' dir='ltr'>ruinosa,</span> <span class='ocrx_word' id='word_1_192' title='bbox 680 2451 714 2509; x_wconf 90' lang='lat' dir='ltr'>at</span> <span class='ocrx_word' id='word_1_193' title='bbox 744 2443 923 2528; x_wconf 67' lang='lat' dir='ltr'>ponentssl</span> <span class='ocrx_word' id='word_1_194' title='bbox 958 2445 1140 2528; x_wconf 85' lang='lat' dir='ltr'>capitaneos</span> <span class='ocrx_word' id='word_1_195' title='bbox 1176 2447 1209 2507; x_wconf 89' lang='lat' dir='ltr'>et</span> <span class='ocrx_word' id='word_1_196' title='bbox 1246 2461 1317 2506; x_wconf 91' lang='lat' dir='ltr'>ous-</span> 
     </span>
     <span class='ocr_line' id='line_1_24' title="bbox 186 2529 1318 2612; baseline -0.001 -18"><span class='ocrx_word' id='word_1_197' title='bbox 186 2529 276 2594; x_wconf 89' lang='lat' dir='ltr'>todes</span> <span class='ocrx_word' id='word_1_198' title='bbox 298 2529 334 2592; x_wconf 93' lang='lat' dir='ltr'>in</span> <span class='ocrx_word' id='word_1_199' title='bbox 347 2529 425 2594; x_wconf 88' lang='lat' dir='ltr'>loeis</span> <span class='ocrx_word' id='word_1_200' title='bbox 445 2529 631 2594; x_wconf 85' lang='lat' dir='ltr'>forcioribus</span> <span class='ocrx_word' id='word_1_201' title='bbox 646 2535 679 2594; x_wconf 91' lang='lat' dir='ltr'>et</span> <span class='ocrx_word' id='word_1_202' title='bbox 700 2530 884 2608; x_wconf 86' lang='lat' dir='ltr'>tucioribus,</span> <span class='ocrx_word' id='word_1_203' title='bbox 899 2536 932 2595; x_wconf 90' lang='lat' dir='ltr'>ct</span> <span class='ocrx_word' id='word_1_204' title='bbox 953 2531 1102 2595; x_wconf 90' lang='lat' dir='ltr'>omnibus</span> <span class='ocrx_word' id='word_1_205' title='bbox 1120 2529 1224 2594; x_wconf 90' lang='lat' dir='ltr'>modis</span> <span class='ocrx_word' id='word_1_206' title='bbox 1244 2549 1318 2612; x_wconf 91' lang='lat' dir='ltr'>pos-</span> 
     </span>
     <span class='ocr_line' id='line_1_25' title="bbox 187 2613 1317 2702; baseline -0.002 -21"><span class='ocrx_word' id='word_1_207' title='bbox 187 2615 334 2681; x_wconf 90' lang='lat' dir='ltr'>sibilibus</span> <span class='ocrx_word' id='word_1_208' title='bbox 369 2621 551 2700; x_wconf 90' lang='lat' dir='ltr'>proponunt</span> <span class='ocrx_word' id='word_1_209' title='bbox 580 2636 615 2681; x_wconf 90' lang='lat' dir='ltr'>sa</span> <span class='ocrx_word' id='word_1_210' title='bbox 642 2621 753 2681; x_wconf 87' lang='lat' dir='ltr'>eontra</span> <span class='ocrx_word' id='word_1_211' title='bbox 788 2617 1017 2702; x_wconf 86' lang='lat' dir='ltr'>nequissimam</span> <span class='ocrx_word' id='word_1_212' title='bbox 1053 2617 1135 2702; x_wconf 82' lang='lat' dir='ltr'>regis</span> <span class='ocrx_word' id='word_1_213' title='bbox 1167 2613 1317 2680; x_wconf 85' lang='lat' dir='ltr'>Edwardi</span> 
     </span>
     <span class='ocr_line' id='line_1_26' title="bbox 186 2702 1316 2786; baseline -0.001 -20"><span class='ocrx_word' id='word_1_214' title='bbox 186 2702 409 2767; x_wconf 89' lang='lat' dir='ltr'>crudelitatem</span> <span class='ocrx_word' id='word_1_215' title='bbox 423 2702 547 2766; x_wconf 78' lang='lat' dir='ltr'>fortiter</span> <span class='ocrx_word' id='word_1_216' title='bbox 560 2703 782 2780; x_wconf 88' lang='lat' dir='ltr'>resistendum,</span> <span class='ocrx_word' id='word_1_217' title='bbox 799 2723 836 2768; x_wconf 87' lang='lat' dir='ltr'>ae</span> <span class='ocrx_word' id='word_1_218' title='bbox 858 2705 925 2768; x_wconf 90' lang='lat' dir='ltr'>suis</span> <span class='ocrx_word' id='word_1_219' title='bbox 947 2703 1121 2768; x_wconf 91' lang='lat' dir='ltr'>insultibus</span> <span class='ocrx_word' id='word_1_220' title='bbox 1136 2709 1170 2768; x_wconf 90' lang='lat' dir='ltr'>at</span> <span class='ocrx_word' id='word_1_221' title='bbox 1183 2723 1316 2786; x_wconf 79' lang='lat' dir='ltr'>ustupa·</span> 
     </span>
     <span class='ocr_line' id='line_1_27' title="bbox 189 2787 1317 2875; baseline -0.001 -23"><span class='ocrx_word' id='word_1_222' title='bbox 189 2789 335 2853; x_wconf 91' lang='lat' dir='ltr'>cionibus</span> <span class='ocrx_word' id='word_1_223' title='bbox 349 2787 500 2854; x_wconf 90' lang='lat' dir='ltr'>violentis</span> <span class='ocrx_word' id='word_1_224' title='bbox 514 2789 719 2854; x_wconf 92' lang='lat' dir='ltr'>obviandum.</span> <span class='ocrx_word' id='word_1_225' title='bbox 764 2789 860 2854; x_wconf 90' lang='lat' dir='ltr'>Unda</span> <span class='ocrx_word' id='word_1_226' title='bbox 873 2811 959 2855; x_wconf 89' lang='lat' dir='ltr'>unus</span> <span class='ocrx_word' id='word_1_227' title='bbox 973 2791 1013 2856; x_wconf 88' lang='lat' dir='ltr'>de</span> <span class='ocrx_word' id='word_1_228' title='bbox 1027 2789 1196 2875; x_wconf 80' lang='lat' dir='ltr'>praecipuis</span> <span class='ocrx_word' id='word_1_229' title='bbox 1211 2793 1317 2853; x_wconf 89' lang='lat' dir='ltr'>custo-</span> 
     </span>
     <span class='ocr_line' id='line_1_28' title="bbox 189 2874 1318 2960; baseline -0.001 -21"><span class='ocrx_word' id='word_1_230' title='bbox 189 2875 282 2940; x_wconf 90' lang='lat' dir='ltr'>dibus</span> <span class='ocrx_word' id='word_1_231' title='bbox 296 2875 366 2955; x_wconf 83' lang='lat' dir='ltr'>vin,</span> <span class='ocrx_word' id='word_1_232' title='bbox 378 2877 400 2941; x_wconf 90' lang='lat' dir='ltr'><strong>J</strong></span> <span class='ocrx_word' id='word_1_233' title='bbox 401 2874 543 2940; x_wconf 87' lang='lat' dir='ltr'>ohannes</span> <span class='ocrx_word' id='word_1_234' title='bbox 558 2874 598 2940; x_wconf 89' lang='lat' dir='ltr'>da</span> <span class='ocrx_word' id='word_1_235' title='bbox 613 2875 749 2960; x_wconf 84' lang='lat' dir='ltr'>Oumyn,</span> <span class='ocrx_word' id='word_1_236' title='bbox 763 2896 868 2942; x_wconf 87' lang='lat' dir='ltr'>comas</span> <span class='ocrx_word' id='word_1_237' title='bbox 883 2876 1078 2954; x_wconf 77' lang='lat' dir='ltr'>Buehaniee,⁰</span> <span class='ocrx_word' id='word_1_238' title='bbox 1092 2877 1158 2940; x_wconf 83' lang='lat' dir='ltr'>dux</span> <span class='ocrx_word' id='word_1_239' title='bbox 1173 2875 1318 2960; x_wconf 81' lang='lat' dir='ltr'>eligitur3</span> 
     </span>
     <span class='ocr_line' id='line_1_29' title="bbox 188 2961 1318 3048; baseline 0 -22"><span class='ocrx_word' id='word_1_240' title='bbox 188 2963 245 3046; x_wconf 92' lang='lat' dir='ltr'>qui</span> <span class='ocrx_word' id='word_1_241' title='bbox 266 2982 341 3026; x_wconf 91' lang='lat' dir='ltr'>cum</span> <span class='ocrx_word' id='word_1_242' title='bbox 362 2981 477 3046; x_wconf 83' lang='lat' dir='ltr'>magno</span> <span class='ocrx_word' id='word_1_243' title='bbox 499 2963 641 3028; x_wconf 79' lang='lat' dir='ltr'>exercitu</span> <span class='ocrx_word' id='word_1_244' title='bbox 662 2963 697 3026; x_wconf 92' lang='lat' dir='ltr'>in</span> <span class='ocrx_word' id='word_1_245' title='bbox 711 2963 863 3048; x_wconf 82' lang='lat' dir='ltr'>Angliam</span> <span class='ocrx_word' id='word_1_246' title='bbox 884 2984 1026 3048; x_wconf 84' lang='lat' dir='ltr'>pergens,</span> <span class='ocrx_word' id='word_1_247' title='bbox 1040 2963 1176 3028; x_wconf 85' lang='lat' dir='ltr'>boriales</span> <span class='ocrx_word' id='word_1_248' title='bbox 1190 2961 1318 3047; x_wconf 82' lang='lat' dir='ltr'>Angliae</span> 
     </span>
     <span class='ocr_line' id='line_1_30' title="bbox 188 3047 1318 3132; baseline -0.002 -19"><span class='ocrx_word' id='word_1_249' title='bbox 188 3055 294 3132; x_wconf 90' lang='lat' dir='ltr'>partes</span> <span class='ocrx_word' id='word_1_250' title='bbox 322 3047 451 3112; x_wconf 85' lang='lat' dir='ltr'>damma</span> <span class='ocrx_word' id='word_1_251' title='bbox 479 3053 512 3112; x_wconf 92' lang='lat' dir='ltr'>et</span> <span class='ocrx_word' id='word_1_252' title='bbox 541 3049 622 3112; x_wconf 88' lang='lat' dir='ltr'>ferro</span> <span class='ocrx_word' id='word_1_253' title='bbox 650 3050 797 3127; x_wconf 89' lang='lat' dir='ltr'>vastavit,</span> <span class='ocrx_word' id='word_1_254' title='bbox 821 3050 1014 3115; x_wconf 87' lang='lat' dir='ltr'>monasteria</span> <span class='ocrx_word' id='word_1_255' title='bbox 1042 3050 1105 3114; x_wconf 93' lang='lat' dir='ltr'>duo</span> <span class='ocrx_word' id='word_1_256' title='bbox 1134 3049 1318 3124; x_wconf 86' lang='lat' dir='ltr'>combussit,</span> 
     </span>
     <span class='ocr_line' id='line_1_31' title="bbox 189 3132 1318 3220; baseline 0 -22"><span class='ocrx_word' id='word_1_257' title='bbox 189 3132 345 3199; x_wconf 80' lang='lat' dir='ltr'>Garlcolo⁷</span> <span class='ocrx_word' id='word_1_258' title='bbox 360 3135 503 3212; x_wconf 89' lang='lat' dir='ltr'>obsessit,</span> <span class='ocrx_word' id='word_1_259' title='bbox 518 3134 573 3200; x_wconf 90' lang='lat' dir='ltr'>sed</span> <span class='ocrx_word' id='word_1_260' title='bbox 587 3141 695 3200; x_wconf 88' lang='lat' dir='ltr'>tamen</span> <span class='ocrx_word' id='word_1_261' title='bbox 710 3137 840 3220; x_wconf 84' lang='lat' dir='ltr'>negocio</span> <span class='ocrx_word' id='word_1_262' title='bbox 857 3137 1042 3220; x_wconf 84' lang='lat' dir='ltr'>imperfecto</span> <span class='ocrx_word' id='word_1_263' title='bbox 1064 3137 1202 3202; x_wconf 88' lang='lat' dir='ltr'>recessit.</span> <span class='ocrx_word' id='word_1_264' title='bbox 1247 3135 1318 3212; x_wconf 74' lang='lat' dir='ltr'>Quo</span> 
     </span>
     <span class='ocr_line' id='line_1_32' title="bbox 188 3219 1456 3308; baseline 0.002 -25"><span class='ocrx_word' id='word_1_265' title='bbox 188 3221 319 3303; x_wconf 89' lang='lat' dir='ltr'>quidem</span> <span class='ocrx_word' id='word_1_266' title='bbox 330 3241 413 3285; x_wconf 91' lang='lat' dir='ltr'>anno</span> <span class='ocrx_word' id='word_1_267' title='bbox 424 3221 557 3285; x_wconf 92' lang='lat' dir='ltr'>Domini</span> <span class='ocrx_word' id='word_1_268' title='bbox 568 3234 665 3286; x_wconf 78' lang='lat' dir='ltr'>M⁰oe⁰</span> <span class='ocrx_word' id='word_1_269' title='bbox 675 3222 880 3308; x_wconf 82' lang='lat' dir='ltr'>nonagesimo</span> <span class='ocrx_word' id='word_1_270' title='bbox 890 3223 958 3300; x_wconf 89' lang='lat' dir='ltr'>vii⁰,</span> <span class='ocrx_word' id='word_1_271' title='bbox 972 3244 1036 3306; x_wconf 92' lang='lat' dir='ltr'>quo</span> <span class='ocrx_word' id='word_1_272' title='bbox 1051 3219 1456 3300; x_wconf 57' lang='lat' dir='ltr'>incendendam-12⁹⁷·</span> 
     </span>
     <span class='ocr_line' id='line_1_33' title="bbox 188 3306 1319 3393; baseline 0.003 -24"><span class='ocrx_word' id='word_1_273' title='bbox 188 3306 367 3390; x_wconf 84' lang='lat' dir='ltr'>praedictus,</span> <span class='ocrx_word' id='word_1_274' title='bbox 389 3307 430 3371; x_wconf 91' lang='lat' dir='ltr'>da</span> <span class='ocrx_word' id='word_1_275' title='bbox 451 3307 586 3372; x_wconf 85' lang='lat' dir='ltr'>Francia</span> <span class='ocrx_word' id='word_1_276' title='bbox 606 3309 772 3374; x_wconf 87' lang='lat' dir='ltr'>reveniens</span> <span class='ocrx_word' id='word_1_277' title='bbox 797 3309 832 3373; x_wconf 94' lang='lat' dir='ltr'>in</span> <span class='ocrx_word' id='word_1_278' title='bbox 853 3308 1014 3393; x_wconf 83' lang='lat' dir='ltr'>Angliam,</span> <span class='ocrx_word' id='word_1_279' title='bbox 1035 3309 1153 3374; x_wconf 90' lang='lat' dir='ltr'>infecto</span> <span class='ocrx_word' id='word_1_280' title='bbox 1179 3308 1319 3392; x_wconf 81' lang='lat' dir='ltr'>negocio,</span> 
     </span>
     <span class='ocr_line' id='line_1_34' title="bbox 190 3391 1319 3480; baseline 0.003 -25"><span class='ocrx_word' id='word_1_281' title='bbox 190 3391 311 3456; x_wconf 89' lang='lat' dir='ltr'>ballum</span> <span class='ocrx_word' id='word_1_282' title='bbox 333 3400 443 3456; x_wconf 88' lang='lat' dir='ltr'>contra</span> <span class='ocrx_word' id='word_1_283' title='bbox 463 3413 569 3477; x_wconf 85' lang='lat' dir='ltr'>regem</span> <span class='ocrx_word' id='word_1_284' title='bbox 583 3393 724 3460; x_wconf 84' lang='lat' dir='ltr'>Francise</span> <span class='ocrx_word' id='word_1_285' title='bbox 743 3401 821 3460; x_wconf 92' lang='lat' dir='ltr'>tunc</span> <span class='ocrx_word' id='word_1_286' title='bbox 836 3395 910 3460; x_wconf 91' lang='lat' dir='ltr'>dara</span> <span class='ocrx_word' id='word_1_287' title='bbox 931 3395 1045 3474; x_wconf 92' lang='lat' dir='ltr'>noluit,</span> <span class='ocrx_word' id='word_1_288' title='bbox 1059 3395 1135 3480; x_wconf 90' lang='lat' dir='ltr'>quia</span> <span class='ocrx_word' id='word_1_289' title='bbox 1149 3395 1189 3460; x_wconf 91' lang='lat' dir='ltr'>de</span> <span class='ocrx_word' id='word_1_290' title='bbox 1210 3395 1319 3458; x_wconf 90' lang='lat' dir='ltr'>matri-</span> 
     </span>
     <span class='ocr_line' id='line_1_35' title="bbox 189 3478 1319 3566; baseline 0.004 -25"><span class='ocrx_word' id='word_1_291' title='bbox 189 3478 298 3542; x_wconf 93' lang='lat' dir='ltr'>monio</span> <span class='ocrx_word' id='word_1_292' title='bbox 323 3478 408 3543; x_wconf 87' lang='lat' dir='ltr'>inter</span> <span class='ocrx_word' id='word_1_293' title='bbox 437 3499 489 3544; x_wconf 90' lang='lat' dir='ltr'>eos</span> <span class='ocrx_word' id='word_1_294' title='bbox 515 3487 769 3564; x_wconf 90' lang='lat' dir='ltr'>appunctuatum</span> <span class='ocrx_word' id='word_1_295' title='bbox 794 3481 867 3559; x_wconf 85' lang='lat' dir='ltr'>fuit,</span> <span class='ocrx_word' id='word_1_296' title='bbox 893 3486 926 3546; x_wconf 91' lang='lat' dir='ltr'>et</span> <span class='ocrx_word' id='word_1_297' title='bbox 950 3481 1030 3546; x_wconf 88' lang='lat' dir='ltr'>fides</span> <span class='ocrx_word' id='word_1_298' title='bbox 1058 3482 1208 3566; x_wconf 70' lang='lat' dir='ltr'>prestita,</span> <span class='ocrx_word' id='word_1_299' title='bbox 1234 3481 1319 3546; x_wconf 86' lang='lat' dir='ltr'>inter</span> 
     </span>
     <span class='ocr_line' id='line_1_36' title="bbox 190 3563 1321 3653; baseline 0.002 -25"><span class='ocrx_word' id='word_1_300' title='bbox 190 3563 391 3642; x_wconf 87' lang='lat' dir='ltr'>Edwardum,</span> <span class='ocrx_word' id='word_1_301' title='bbox 413 3585 519 3649; x_wconf 85' lang='lat' dir='ltr'>regam</span> <span class='ocrx_word' id='word_1_302' title='bbox 539 3567 675 3650; x_wconf 78' lang='lat' dir='ltr'>Angliae,</span> <span class='ocrx_word' id='word_1_303' title='bbox 696 3573 729 3632; x_wconf 93' lang='lat' dir='ltr'>et</span> <span class='ocrx_word' id='word_1_304' title='bbox 754 3567 976 3652; x_wconf 85' lang='lat' dir='ltr'>Margarctam,</span> <span class='ocrx_word' id='word_1_305' title='bbox 1001 3589 1139 3634; x_wconf 87' lang='lat' dir='ltr'>sororem</span> <span class='ocrx_word' id='word_1_306' title='bbox 1164 3567 1321 3653; x_wconf 87' lang='lat' dir='ltr'>Philippi⁸</span> 
     </span>
     <span class='ocr_line' id='line_1_37' title="bbox 190 3650 1320 3740; baseline 0.004 -25"><span class='ocrx_word' id='word_1_307' title='bbox 190 3650 272 3736; x_wconf 84' lang='lat' dir='ltr'>regis</span> <span class='ocrx_word' id='word_1_308' title='bbox 281 3650 307 3730; x_wconf 78' lang='lat'>3⁹</span> <span class='ocrx_word' id='word_1_309' title='bbox 329 3657 362 3716; x_wconf 91' lang='lat' dir='ltr'>et</span> <span class='ocrx_word' id='word_1_310' title='bbox 371 3651 563 3736; x_wconf 87' lang='lat' dir='ltr'>pmpterea¹⁰</span> <span class='ocrx_word' id='word_1_311' title='bbox 577 3654 777 3738; x_wconf 80' lang='lat' dir='ltr'>congregavit</span> <span class='ocrx_word' id='word_1_312' title='bbox 791 3655 966 3719; x_wconf 87' lang='lat' dir='ltr'>exercitum</span> <span class='ocrx_word' id='word_1_313' title='bbox 980 3655 1142 3740; x_wconf 88' lang='lat' dir='ltr'>copiosum</span> <span class='ocrx_word' id='word_1_314' title='bbox 1158 3655 1198 3721; x_wconf 90' lang='lat' dir='ltr'>ad</span> <span class='ocrx_word' id='word_1_315' title='bbox 1212 3653 1320 3720; x_wconf 86' lang='lat' dir='ltr'>debel-</span> 
     </span>
     <span class='ocr_line' id='line_1_38' title="bbox 189 3737 1320 3826; baseline 0.001 -24"><span class='ocrx_word' id='word_1_316' title='bbox 189 3737 322 3802; x_wconf 86' lang='lat' dir='ltr'>lendum</span> <span class='ocrx_word' id='word_1_317' title='bbox 344 3737 467 3802; x_wconf 89' lang='lat' dir='ltr'>nobiles</span> <span class='ocrx_word' id='word_1_318' title='bbox 489 3739 614 3816; x_wconf 84' lang='lat' dir='ltr'>Soociea,</span> <span class='ocrx_word' id='word_1_319' title='bbox 629 3745 696 3804; x_wconf 87' lang='lat' dir='ltr'>tarn</span> <span class='ocrx_word' id='word_1_320' title='bbox 718 3739 825 3804; x_wconf 87' lang='lat' dir='ltr'>dolose</span> <span class='ocrx_word' id='word_1_321' title='bbox 847 3746 880 3805; x_wconf 90' lang='lat' dir='ltr'>et</span> <span class='ocrx_word' id='word_1_322' title='bbox 901 3740 1015 3806; x_wconf 86' lang='lat' dir='ltr'>callida</span> <span class='ocrx_word' id='word_1_323' title='bbox 1037 3763 1134 3826; x_wconf 88' lang='lat' dir='ltr'>qnam</span> <span class='ocrx_word' id='word_1_324' title='bbox 1148 3743 1249 3809; x_wconf 90' lang='lat' dir='ltr'>eciam</span> <span class='ocrx_word' id='word_1_325' title='bbox 1262 3761 1320 3824; x_wconf 89' lang='lat' dir='ltr'>per</span> 
     </span>
     <span class='ocr_line' id='line_1_39' title="bbox 190 3824 836 3910; baseline 0.006 -23"><span class='ocrx_word' id='word_1_326' title='bbox 190 3824 381 3910; x_wconf 90' lang='lat' dir='ltr'>potenciam,</span> <span class='ocrx_word' id='word_1_327' title='bbox 395 3825 472 3888; x_wconf 86' lang='lat' dir='ltr'>totis</span> <span class='ocrx_word' id='word_1_328' title='bbox 487 3825 608 3891; x_wconf 86' lang='lat' dir='ltr'>viribus</span> <span class='ocrx_word' id='word_1_329' title='bbox 622 3826 836 3910; x_wconf 90' lang='lat' dir='ltr'>possibilibus.</span> 
     </span>
    </p>
   </div>
   <div class='ocr_carea' id='block_1_3' title="bbox 237 4051 1316 4194">
    <p class='ocr_par' dir='ltr' id='par_1_4' title="bbox 237 4051 1316 4194">
     <span class='ocr_line' id='line_1_40' title="bbox 237 4051 1316 4124; baseline 0.008 -21"><span class='ocrx_word' id='word_1_330' title='bbox 237 4051 247 4087; x_wconf 87' lang='lat'>¹</span> <span class='ocrx_word' id='word_1_331' title='bbox 261 4053 289 4107; x_wconf 80' lang='lat'>0.</span> <span class='ocrx_word' id='word_1_332' title='bbox 304 4053 336 4106; x_wconf 94' lang='lat' dir='ltr'>D.</span> <span class='ocrx_word' id='word_1_333' title='bbox 349 4053 380 4104; x_wconf 84' lang='grc' dir='ltr'>Ε.</span> <span class='ocrx_word' id='word_1_334' title='bbox 394 4059 492 4106; x_wconf 84' lang='lat' dir='ltr'>coacte.</span> <span class='ocrx_word' id='word_1_335' title='bbox 651 4053 703 4110; x_wconf 62' lang='grc' dir='ltr'>Ἐ</span> <span class='ocrx_word' id='word_1_336' title='bbox 716 4061 828 4124; x_wconf 86' lang='lat' dir='ltr'>recepto.</span> <span class='ocrx_word' id='word_1_337' title='bbox 1005 4057 1057 4111; x_wconf 78' lang='lat'>⁸13.</span> <span class='ocrx_word' id='word_1_338' title='bbox 1071 4059 1099 4112; x_wconf 83' lang='lat' dir='ltr'>C.</span> <span class='ocrx_word' id='word_1_339' title='bbox 1114 4059 1145 4110; x_wconf 88' lang='lat' dir='ltr'>D.</span> <span class='ocrx_word' id='word_1_340' title='bbox 1159 4059 1189 4110; x_wconf 82' lang='lat' dir='ltr'>E.</span> <span class='ocrx_word' id='word_1_341' title='bbox 1203 4058 1316 4113; x_wconf 83' lang='lat' dir='ltr'>insimul</span> 
     </span>
     <span class='ocr_line' id='line_1_41' title="bbox 238 4122 844 4194; baseline 0.007 -18"><span class='ocrx_word' id='word_1_342' title='bbox 238 4122 249 4158; x_wconf 78' lang='lat'><strong>⁴</strong></span> <span class='ocrx_word' id='word_1_343' title='bbox 261 4124 291 4176; x_wconf 78' lang='lat' dir='ltr'>(l.</span> <span class='ocrx_word' id='word_1_344' title='bbox 303 4125 334 4176; x_wconf 82' lang='lat' dir='ltr'>ll.</span> <span class='ocrx_word' id='word_1_345' title='bbox 347 4123 411 4176; x_wconf 80' lang='lat' dir='ltr'>hoec.</span> <span class='ocrx_word' id='word_1_346' title='bbox 650 4123 662 4159; x_wconf 76' lang='lat'><strong>⁶</strong></span> <span class='ocrx_word' id='word_1_347' title='bbox 674 4127 701 4178; x_wconf 82' lang='lat' dir='ltr'>G.</span> <span class='ocrx_word' id='word_1_348' title='bbox 715 4132 844 4194; x_wconf 76' lang='lat' dir='ltr'>potentes</span> 
     </span>
    </p>
   </div>
   <div class='ocr_carea' id='block_1_4' title="bbox 237 4193 1289 4336">
    <p class='ocr_par' dir='ltr' id='par_1_5' title="bbox 237 4193 1289 4336">
     <span class='ocr_line' id='line_1_42' title="bbox 237 4193 1289 4264; baseline 0.008 -19"><span class='ocrx_word' id='word_1_349' title='bbox 237 4193 290 4246; x_wconf 66' lang='grc' dir='ltr'>οΒ.</span> <span class='ocrx_word' id='word_1_350' title='bbox 306 4195 339 4245; x_wconf 87' lang='lat' dir='ltr'>de</span> <span class='ocrx_word' id='word_1_351' title='bbox 352 4194 483 4246; x_wconf 85' lang='lat' dir='ltr'>Bouchnn.</span> <span class='ocrx_word' id='word_1_352' title='bbox 522 4195 550 4248; x_wconf 80' lang='lat' dir='ltr'>G.</span> <span class='ocrx_word' id='word_1_353' title='bbox 563 4195 592 4248; x_wconf 78' lang='lat' dir='ltr'><strong>E</strong></span> <span class='ocrx_word' id='word_1_354' title='bbox 606 4195 735 4264; x_wconf 82' lang='lat' dir='ltr'>Commyn</span> <span class='ocrx_word' id='word_1_355' title='bbox 744 4197 1043 4253; x_wconf 80' lang='lat' dir='ltr'>comesdeBoucbania</span> <span class='ocrx_word' id='word_1_356' title='bbox 1080 4199 1111 4252; x_wconf 92' lang='lat' dir='ltr'>D.</span> <span class='ocrx_word' id='word_1_357' title='bbox 1126 4199 1289 4253; x_wconf 80' lang='lat' dir='ltr'>Bonchaniae.</span> 
     </span>
     <span class='ocr_line' id='line_1_43' title="bbox 239 4263 1200 4336; baseline 0.005 -19"><span class='ocrx_word' id='word_1_358' title='bbox 239 4263 291 4318; x_wconf 76' lang='lat' dir='ltr'><strong>⁷·G.</strong></span> <span class='ocrx_word' id='word_1_359' title='bbox 305 4265 336 4318; x_wconf 83' lang='grc' dir='ltr'>Ε.</span> <span class='ocrx_word' id='word_1_360' title='bbox 350 4265 505 4317; x_wconf 74' lang='lat' dir='ltr'>carleolum.</span> <span class='ocrx_word' id='word_1_361' title='bbox 1004 4269 1015 4304; x_wconf 78' lang='lat'><strong>³</strong></span> <span class='ocrx_word' id='word_1_362' title='bbox 1027 4271 1059 4322; x_wconf 92' lang='lat' dir='ltr'>D.</span> <span class='ocrx_word' id='word_1_363' title='bbox 1073 4270 1200 4336; x_wconf 81' lang='lat' dir='ltr'>Philippa.</span> 
     </span>
    </p>
   </div>
   <div class='ocr_carea' id='block_1_5' title="bbox 239 4333 1230 4407">
    <p class='ocr_par' dir='ltr' id='par_1_6' title="bbox 239 4333 1230 4407">
     <span class='ocr_line' id='line_1_44' title="bbox 239 4333 1230 4407; baseline 0.005 -19"><span class='ocrx_word' id='word_1_364' title='bbox 239 4333 292 4388; x_wconf 80' lang='lat'>⁹0.</span> <span class='ocrx_word' id='word_1_365' title='bbox 306 4336 336 4388; x_wconf 73' lang='lat' dir='ltr'>ll</span> <span class='ocrx_word' id='word_1_366' title='bbox 351 4337 406 4388; x_wconf 84' lang='lat' dir='ltr'>add</span> <span class='ocrx_word' id='word_1_367' title='bbox 418 4335 540 4388; x_wconf 81' lang='lat' dir='ltr'>Franoite.</span> <span class='ocrx_word' id='word_1_368' title='bbox 578 4336 610 4389; x_wconf 90' lang='lat' dir='ltr'>D.</span> <span class='ocrx_word' id='word_1_369' title='bbox 621 4337 688 4388; x_wconf 80' lang='lat' dir='ltr'>adds</span> <span class='ocrx_word' id='word_1_370' title='bbox 700 4341 750 4392; x_wconf 82' lang='lat' dir='ltr'>eto.</span> <span class='ocrx_word' id='word_1_371' title='bbox 997 4337 1019 4375; x_wconf 83' lang='lat'>²⁰</span> <span class='ocrx_word' id='word_1_372' title='bbox 1030 4341 1059 4394; x_wconf 84' lang='grc'>0.</span> <span class='ocrx_word' id='word_1_373' title='bbox 1072 4341 1102 4392; x_wconf 84' lang='grc' dir='ltr'>Ε.</span> <span class='ocrx_word' id='word_1_374' title='bbox 1115 4347 1230 4407; x_wconf 86' lang='lat' dir='ltr'>proptor.</span> 
     </span>
    </p>
   </div>
   <div class='ocr_carea' id='block_1_6' title="bbox 0 0 1665 5124">
    <p class='ocr_par' dir='ltr' id='par_1_7' title="bbox 0 0 1665 5124">
     <span class='ocr_line' id='line_1_45' title="bbox 0 0 1665 5124; baseline 0 0"><span class='ocrx_word' id='word_1_375' title='bbox 0 0 1665 5124; x_wconf 95' lang='lat' dir='ltr'> </span> 
     </span>
    </p>
   </div>
  </div>
 </body>
</html>
