<?xml version="1.0" encoding="UTF-8"?>
<!DOCTYPE html PUBLIC "-//W3C//DTD XHTML 1.0 Transitional//EN"
    "http://www.w3.org/TR/xhtml1/DTD/xhtml1-transitional.dtd">
<html xmlns="http://www.w3.org/1999/xhtml" xml:lang="en" lang="en">
 <head>
  <title>
</title>
<meta http-equiv="Content-Type" content="text/html;charset=utf-8" />
  <meta name='ocr-system' content='tesseract 3.04.00' />
  <meta name='ocr-capabilities' content='ocr_page ocr_carea ocr_par ocr_line ocrx_word'/>
</head>
<body>
  <div class='ocr_page' id='page_1' title='image "./liberpluscarden01skengoog_0224.png"; bbox 0 0 3282 5124; ppageno 0'>
   <div class='ocr_carea' id='block_1_1' title="bbox 317 449 1073 508">
    <p class='ocr_par' dir='ltr' id='par_1_1' title="bbox 317 449 1073 508">
     <span class='ocr_line' id='line_1_1' title="bbox 317 449 1073 508; baseline 0.003 -2"><span class='ocrx_word' id='word_1_1' title='bbox 317 449 382 507; x_wconf 43' lang='grc'>’166</span> <span class='ocrx_word' id='word_1_2' title='bbox 693 459 789 507; x_wconf 72' lang='lat' dir='ltr'>treus</span> <span class='ocrx_word' id='word_1_3' title='bbox 803 457 1073 508; x_wconf 71' lang='lat' dir='ltr'>PLUSOABDDNSIS.</span> 
     </span>
    </p>
   </div>
   <div class='ocr_carea' id='block_1_2' title="bbox 317 614 1447 1654">
    <p class='ocr_par' dir='ltr' id='par_1_2' title="bbox 317 614 1447 1654">
     <span class='ocr_line' id='line_1_2' title="bbox 317 614 1262 770; baseline -0.002 -3"><span class='ocrx_word' id='word_1_4' title='bbox 317 637 607 768; x_wconf 58' lang='lat' dir='ltr'>e...</span> <span class='ocrx_word' id='word_1_5' title='bbox 625 614 1349 770; x_wconf 55' lang='lat' dir='ltr'>NJ...</span> 
     </span>
     <span class='ocr_line' id='line_1_3' title="bbox 318 788 1447 875; baseline 0 -21"><span class='ocrx_word' id='word_1_6' title='bbox 318 789 452 854; x_wconf 87' lang='lat' dir='ltr'>stiones1</span> <span class='ocrx_word' id='word_1_7' title='bbox 477 796 511 854; x_wconf 88' lang='lat' dir='ltr'>et</span> <span class='ocrx_word' id='word_1_8' title='bbox 531 788 772 855; x_wconf 81' lang='lat' dir='ltr'>contraversias¹</span> <span class='ocrx_word' id='word_1_9' title='bbox 795 789 955 875; x_wconf 80' lang='lat' dir='ltr'>quaslibet</span> <span class='ocrx_word' id='word_1_10' title='bbox 977 789 1064 856; x_wconf 87' lang='lat' dir='ltr'>inter</span> <span class='ocrx_word' id='word_1_11' title='bbox 1083 797 1117 855; x_wconf 86' lang='lat' dir='ltr'>te</span> <span class='ocrx_word' id='word_1_12' title='bbox 1138 795 1172 856; x_wconf 90' lang='lat' dir='ltr'>et</span> <span class='ocrx_word' id='word_1_13' title='bbox 1197 789 1320 855; x_wconf 90' lang='lat' dir='ltr'>dictum</span> <span class='ocrx_word' id='word_1_14' title='bbox 1341 809 1447 874; x_wconf 85' lang='lat' dir='ltr'>regem</span> 
     </span>
     <span class='ocr_line' id='line_1_4' title="bbox 319 875 1447 962; baseline 0 -21"><span class='ocrx_word' id='word_1_15' title='bbox 319 877 438 941; x_wconf 81' lang='lat' dir='ltr'>Scooiae</span> <span class='ocrx_word' id='word_1_16' title='bbox 452 897 489 941; x_wconf 84' lang='lat' dir='ltr'>eo</span> <span class='ocrx_word' id='word_1_17' title='bbox 502 876 650 960; x_wconf 81' lang='lat' dir='ltr'>prselstos</span> <span class='ocrx_word' id='word_1_18' title='bbox 664 881 698 942; x_wconf 94' lang='lat' dir='ltr'>et</span> <span class='ocrx_word' id='word_1_19' title='bbox 712 875 841 942; x_wconf 89' lang='lat' dir='ltr'>clericos</span> <span class='ocrx_word' id='word_1_20' title='bbox 855 883 889 942; x_wconf 89' lang='lat' dir='ltr'>et</span> <span class='ocrx_word' id='word_1_21' title='bbox 902 876 982 942; x_wconf 82' lang='lat' dir='ltr'>uliae</span> <span class='ocrx_word' id='word_1_22' title='bbox 996 897 1146 962; x_wconf 75' lang='lat' dir='ltr'>personas</span> <span class='ocrx_word' id='word_1_23' title='bbox 1167 876 1398 943; x_wconf 80' lang='lat' dir='ltr'>ecclesiastices</span> <span class='ocrx_word' id='word_1_24' title='bbox 1413 882 1447 941; x_wconf 89' lang='lat' dir='ltr'>et</span> 
     </span>
     <span class='ocr_line' id='line_1_5' title="bbox 318 961 1446 1049; baseline -0.001 -22"><span class='ocrx_word' id='word_1_25' title='bbox 318 961 484 1028; x_wconf 85' lang='lat' dir='ltr'>sseculsres</span> <span class='ocrx_word' id='word_1_26' title='bbox 499 963 643 1048; x_wconf 87' lang='lat' dir='ltr'>ejusdem</span> <span class='ocrx_word' id='word_1_27' title='bbox 656 963 746 1048; x_wconf 80' lang='lat' dir='ltr'>regni</span> <span class='ocrx_word' id='word_1_28' title='bbox 763 964 917 1043; x_wconf 78' lang='lat' dir='ltr'>subortas,</span> <span class='ocrx_word' id='word_1_29' title='bbox 931 963 984 1030; x_wconf 89' lang='lat' dir='ltr'>vel</span> <span class='ocrx_word' id='word_1_30' title='bbox 998 985 1070 1047; x_wconf 83' lang='lat' dir='ltr'>quse</span> <span class='ocrx_word' id='word_1_31' title='bbox 1083 969 1220 1049; x_wconf 76' lang='lat' dir='ltr'><strong>possunt</strong></span> <span class='ocrx_word' id='word_1_32' title='bbox 1232 963 1269 1027; x_wconf 91' lang='lat' dir='ltr'>in</span> <span class='ocrx_word' id='word_1_33' title='bbox 1282 967 1446 1048; x_wconf 81' lang='lat' dir='ltr'>posterum</span> 
     </span>
     <span class='ocr_line' id='line_1_6' title="bbox 320 1049 1447 1135; baseline -0.001 -22"><span class='ocrx_word' id='word_1_34' title='bbox 320 1068 362 1113; x_wconf 84' lang='lat' dir='ltr'>ex</span> <span class='ocrx_word' id='word_1_35' title='bbox 375 1049 629 1134; x_wconf 87' lang='lat' dir='ltr'>quibuscumque</span> <span class='ocrx_word' id='word_1_36' title='bbox 648 1050 751 1115; x_wconf 79' lang='lat' dir='ltr'>causis</span> <span class='ocrx_word' id='word_1_37' title='bbox 766 1049 883 1115; x_wconf 81' lang='lat' dir='ltr'>exoriri</span> <span class='ocrx_word' id='word_1_38' title='bbox 902 1050 1081 1134; x_wconf 87' lang='lat' dir='ltr'>praeteritis,</span> <span class='ocrx_word' id='word_1_39' title='bbox 1095 1057 1264 1135; x_wconf 92' lang='lat' dir='ltr'>totumque</span> <span class='ocrx_word' id='word_1_40' title='bbox 1278 1049 1447 1134; x_wconf 78' lang='lat' dir='ltr'>negocium</span> 
     </span>
     <span class='ocr_line' id='line_1_7' title="bbox 318 1134 1447 1223; baseline -0.001 -23"><span class='ocrx_word' id='word_1_41' title='bbox 318 1135 472 1220; x_wconf 82' lang='lat' dir='ltr'>praedicte</span> <span class='ocrx_word' id='word_1_42' title='bbox 491 1156 682 1202; x_wconf 79' lang='lat' dir='ltr'>concernens</span> <span class='ocrx_word' id='word_1_43' title='bbox 704 1141 761 1202; x_wconf 86' lang='lat' dir='ltr'>eut</span> <span class='ocrx_word' id='word_1_44' title='bbox 782 1135 991 1222; x_wconf 82' lang='lat' dir='ltr'>quovismodo</span> <span class='ocrx_word' id='word_1_45' title='bbox 1013 1137 1209 1223; x_wconf 86' lang='lat' dir='ltr'>contingens,</span> <span class='ocrx_word' id='word_1_46' title='bbox 1230 1134 1300 1200; x_wconf 83' lang='lat' dir='ltr'>ent⁸</span> <span class='ocrx_word' id='word_1_47' title='bbox 1317 1135 1447 1220; x_wconf 73' lang='lat' dir='ltr'>aliquod</span> 
     </span>
     <span class='ocr_line' id='line_1_8' title="bbox 318 1223 1446 1308; baseline 0 -22"><span class='ocrx_word' id='word_1_48' title='bbox 318 1223 498 1302; x_wconf 85' lang='lat' dir='ltr'>eorundem,</span> <span class='ocrx_word' id='word_1_49' title='bbox 527 1223 568 1288; x_wconf 84' lang='lat' dir='ltr'>sd</span> <span class='ocrx_word' id='word_1_50' title='bbox 604 1224 830 1308; x_wconf 88' lang='lat' dir='ltr'>cognicionem,</span> <span class='ocrx_word' id='word_1_51' title='bbox 859 1223 1051 1289; x_wconf 79' lang='lat' dir='ltr'>decisionem</span> <span class='ocrx_word' id='word_1_52' title='bbox 1078 1229 1113 1288; x_wconf 89' lang='lat' dir='ltr'>et</span> <span class='ocrx_word' id='word_1_53' title='bbox 1146 1223 1446 1288; x_wconf 80' lang='lat' dir='ltr'>determinccionem</span> 
     </span>
     <span class='ocr_line' id='line_1_9' title="bbox 318 1307 1446 1394; baseline -0.002 -20"><span class='ocrx_word' id='word_1_54' title='bbox 318 1309 462 1392; x_wconf 86' lang='lat' dir='ltr'>ejusdem</span> <span class='ocrx_word' id='word_1_55' title='bbox 491 1308 575 1376; x_wconf 85' lang='lat' dir='ltr'>sedis</span> <span class='ocrx_word' id='word_1_56' title='bbox 598 1315 708 1375; x_wconf 90' lang='lat' dir='ltr'>tenore</span> <span class='ocrx_word' id='word_1_57' title='bbox 731 1310 941 1394; x_wconf 87' lang='lat' dir='ltr'>preesencium</span> <span class='ocrx_word' id='word_1_58' title='bbox 965 1309 1145 1376; x_wconf 88' lang='lat' dir='ltr'>reducendo</span> <span class='ocrx_word' id='word_1_59' title='bbox 1174 1329 1388 1376; x_wconf 74' lang='lat' dir='ltr'>reservamus:</span> <span class='ocrx_word' id='word_1_60' title='bbox 1417 1307 1446 1372; x_wconf 90' lang='lat' dir='ltr'>si</span> 
     </span>
     <span class='ocr_line' id='line_1_10' title="bbox 318 1393 1447 1482; baseline -0.001 -22"><span class='ocrx_word' id='word_1_61' title='bbox 318 1395 398 1480; x_wconf 85' lang='lat' dir='ltr'>quid</span> <span class='ocrx_word' id='word_1_62' title='bbox 415 1403 524 1462; x_wconf 87' lang='lat' dir='ltr'>eutem</span> <span class='ocrx_word' id='word_1_63' title='bbox 546 1417 646 1474; x_wconf 83' lang='lat' dir='ltr'>secus,</span> <span class='ocrx_word' id='word_1_64' title='bbox 660 1396 797 1463; x_wconf 76' lang='lat' dir='ltr'>scienter</span> <span class='ocrx_word' id='word_1_65' title='bbox 811 1395 865 1461; x_wconf 88' lang='lat' dir='ltr'>vel</span> <span class='ocrx_word' id='word_1_66' title='bbox 878 1397 1067 1482; x_wconf 77' lang='lat' dir='ltr'>ignoranter,</span> <span class='ocrx_word' id='word_1_67' title='bbox 1082 1416 1102 1460; x_wconf 87' lang='lat' dir='ltr'>e</span> <span class='ocrx_word' id='word_1_68' title='bbox 1115 1417 1316 1482; x_wconf 89' lang='lat' dir='ltr'>quocumque</span> <span class='ocrx_word' id='word_1_69' title='bbox 1329 1397 1366 1460; x_wconf 88' lang='lat' dir='ltr'>in</span> <span class='ocrx_word' id='word_1_70' title='bbox 1386 1393 1447 1459; x_wconf 83' lang='lat' dir='ltr'>hec</span> 
     </span>
     <span class='ocr_line' id='line_1_11' title="bbox 317 1482 1447 1566; baseline -0.001 -19"><span class='ocrx_word' id='word_1_71' title='bbox 317 1487 409 1566; x_wconf 82' lang='lat' dir='ltr'>perte</span> <span class='ocrx_word' id='word_1_72' title='bbox 419 1487 647 1566; x_wconf 74' lang='lat' dir='ltr'>attemptatum</span> <span class='ocrx_word' id='word_1_73' title='bbox 660 1482 765 1561; x_wconf 89' lang='lat' dir='ltr'>fuerit,</span> <span class='ocrx_word' id='word_1_74' title='bbox 779 1483 906 1548; x_wconf 86' lang='lat' dir='ltr'>irritum</span> <span class='ocrx_word' id='word_1_75' title='bbox 917 1489 950 1549; x_wconf 90' lang='lat' dir='ltr'>et</span> <span class='ocrx_word' id='word_1_76' title='bbox 960 1483 1056 1549; x_wconf 81' lang='lat' dir='ltr'>inane</span> <span class='ocrx_word' id='word_1_77' title='bbox 1067 1484 1279 1550; x_wconf 76' lang='lat' dir='ltr'>decernentes</span> <span class='ocrx_word' id='word_1_78' title='bbox 1323 1482 1447 1548; x_wconf 79' lang='lat' dir='ltr'>Datum</span> 
     </span>
     <span class='ocr_line' id='line_1_12' title="bbox 317 1568 795 1654; baseline 0.008 -22"><span class='ocrx_word' id='word_1_79' title='bbox 317 1568 486 1654; x_wconf 84' lang='lat' dir='ltr'>Avigione,</span> <span class='ocrx_word' id='word_1_80' title='bbox 500 1591 522 1634; x_wconf 88' lang='lat' dir='ltr'>v</span> <span class='ocrx_word' id='word_1_81' title='bbox 536 1569 689 1635; x_wconf 78' lang='lat' dir='ltr'>kalendae</span> <span class='ocrx_word' id='word_1_82' title='bbox 703 1571 726 1636; x_wconf 87' lang='lat' dir='ltr'><strong>J</strong></span> <span class='ocrx_word' id='word_1_83' title='bbox 727 1569 795 1636; x_wconf 89' lang='lat' dir='ltr'>ulii</span> 
     </span>
    </p>
   </div>
   <div class='ocr_carea' id='block_1_3' title="bbox 318 1887 1448 2074">
    <p class='ocr_par' dir='ltr' id='par_1_3' title="bbox 318 1887 1448 2074">
     <span class='ocr_line' id='line_1_13' title="bbox 318 1887 1448 1974; baseline -0.004 -15"><span class='ocrx_word' id='word_1_84' title='bbox 318 1888 481 1973; x_wconf 67' lang='lat' dir='ltr'>Sequitur</span> <span class='ocrx_word' id='word_1_85' title='bbox 502 1887 674 1974; x_wconf 68' lang='lat' dir='ltr'>rupmuio</span> <span class='ocrx_word' id='word_1_86' title='bbox 694 1889 847 1958; x_wconf 69' lang='lat' dir='ltr'>burcurt</span> <span class='ocrx_word' id='word_1_87' title='bbox 869 1887 1001 1973; x_wconf 52' lang='lat' dir='ltr'>aculis</span> <span class='ocrx_word' id='word_1_88' title='bbox 1020 1889 1059 1958; x_wconf 73' lang='lat' dir='ltr'>rh</span> <span class='ocrx_word' id='word_1_89' title='bbox 1080 1909 1238 1958; x_wconf 68' lang='lat' dir='ltr'>mutuor</span> <span class='ocrx_word' id='word_1_90' title='bbox 1257 1889 1448 1974; x_wconf 68' lang='lat' dir='ltr'>pontificem,</span> 
     </span>
     <span class='ocr_line' id='line_1_14' title="bbox 371 1987 1445 2074; baseline -0.001 -17"><span class='ocrx_word' id='word_1_91' title='bbox 371 1989 564 2058; x_wconf 66' lang='lat' dir='ltr'>merium</span> <span class='ocrx_word' id='word_1_92' title='bbox 574 2008 722 2074; x_wconf 65' lang='lat' dir='ltr'>marmot</span> <span class='ocrx_word' id='word_1_93' title='bbox 735 1990 902 2058; x_wconf 63' lang='lat' dir='ltr'>tmuium</span> <span class='ocrx_word' id='word_1_94' title='bbox 915 1992 960 2058; x_wconf 71' lang='lat' dir='ltr'>rt*</span> <span class='ocrx_word' id='word_1_95' title='bbox 970 1989 1321 2058; x_wconf 62' lang='lat' dir='ltr'>successeur-c.</span> <span class='ocrx_word' id='word_1_96' title='bbox 1332 1987 1445 2057; x_wconf 73' lang='lat' dir='ltr'>xxxiii.</span> 
     </span>
    </p>
   </div>
   <div class='ocr_carea' id='block_1_4' title="bbox 315 2136 1448 3722">
    <p class='ocr_par' dir='ltr' id='par_1_4' title="bbox 315 2136 1448 3200">
     <span class='ocr_line' id='line_1_15' title="bbox 315 2136 1446 2248; baseline -0.002 -18"><span class='ocrx_word' id='word_1_97' title='bbox 315 2136 660 2230; x_wconf 58' lang='lat' dir='ltr'>&amp;enervesmo</span> <span class='ocrx_word' id='word_1_98' title='bbox 672 2163 707 2229; x_wconf 79' lang='lat' dir='ltr'>in</span> <span class='ocrx_word' id='word_1_99' title='bbox 719 2163 845 2230; x_wconf 76' lang='lat' dir='ltr'>oense</span> <span class='ocrx_word' id='word_1_100' title='bbox 855 2164 949 2248; x_wconf 72' lang='lat' dir='ltr'>pass,</span> <span class='ocrx_word' id='word_1_101' title='bbox 960 2162 1032 2230; x_wconf 63' lang='lat' dir='ltr'>ees</span> <span class='ocrx_word' id='word_1_102' title='bbox 1064 2163 1181 2230; x_wconf 64' lang='lat' dir='ltr'>snae</span> <span class='ocrx_word' id='word_1_103' title='bbox 1191 2161 1446 2229; x_wconf 62' lang='lat' dir='ltr'>commeent-</span> 
     </span>
     <span class='ocr_line' id='line_1_16' title="bbox 317 2249 1448 2337; baseline -0.003 -21"><span class='ocrx_word' id='word_1_104' title='bbox 317 2251 374 2329; x_wconf 87' lang='lat' dir='ltr'>sis,</span> <span class='ocrx_word' id='word_1_105' title='bbox 384 2272 442 2336; x_wconf 93' lang='lat' dir='ltr'>per</span> <span class='ocrx_word' id='word_1_106' title='bbox 451 2252 543 2336; x_wconf 90' lang='lat' dir='ltr'>cujus</span> <span class='ocrx_word' id='word_1_107' title='bbox 557 2250 784 2316; x_wconf 85' lang='lat' dir='ltr'>ministerinm⁷</span> <span class='ocrx_word' id='word_1_108' title='bbox 792 2250 870 2316; x_wconf 88' lang='lat' dir='ltr'>fides</span> <span class='ocrx_word' id='word_1_109' title='bbox 885 2250 1042 2316; x_wconf 82' lang='lat' dir='ltr'>catholice</span> <span class='ocrx_word' id='word_1_110' title='bbox 1055 2252 1250 2337; x_wconf 85' lang='lat' dir='ltr'>gubernetur</span> <span class='ocrx_word' id='word_1_111' title='bbox 1260 2257 1292 2315; x_wconf 91' lang='lat' dir='ltr'>et</span> <span class='ocrx_word' id='word_1_112' title='bbox 1305 2249 1448 2336; x_wconf 70' lang='lat' dir='ltr'>regitur,8</span> 
     </span>
     <span class='ocr_line' id='line_1_17' title="bbox 316 2337 1446 2416; baseline -0.001 -14"><span class='ocrx_word' id='word_1_113' title='bbox 316 2337 353 2402; x_wconf 91' lang='lat' dir='ltr'>in</span> <span class='ocrx_word' id='word_1_114' title='bbox 364 2337 431 2403; x_wconf 92' lang='lat' dir='ltr'>suis</span> <span class='ocrx_word' id='word_1_115' title='bbox 441 2339 566 2404; x_wconf 77' lang='lat' dir='ltr'>actibus</span> <span class='ocrx_word' id='word_1_116' title='bbox 576 2338 709 2416; x_wconf 87' lang='lat' dir='ltr'>cunctis,</span> <span class='ocrx_word' id='word_1_117' title='bbox 720 2338 804 2402; x_wconf 90' lang='lat' dir='ltr'>siout</span> <span class='ocrx_word' id='word_1_118' title='bbox 817 2337 951 2403; x_wconf 89' lang='lat' dir='ltr'>firmiter</span> <span class='ocrx_word' id='word_1_119' title='bbox 961 2337 1119 2404; x_wconf 88' lang='lat' dir='ltr'>oredimus</span> <span class='ocrx_word' id='word_1_120' title='bbox 1128 2345 1161 2403; x_wconf 89' lang='lat' dir='ltr'>et</span> <span class='ocrx_word' id='word_1_121' title='bbox 1171 2342 1326 2414; x_wconf 88' lang='lat' dir='ltr'>tenemus,</span> <span class='ocrx_word' id='word_1_122' title='bbox 1340 2342 1446 2402; x_wconf 78' lang='lat' dir='ltr'>motu·</span> 
     </span>
     <span class='ocr_line' id='line_1_18' title="bbox 317 2423 1445 2510; baseline -0.001 -22"><span class='ocrx_word' id='word_1_123' title='bbox 317 2425 412 2490; x_wconf 76' lang='lat' dir='ltr'>ritate</span> <span class='ocrx_word' id='word_1_124' title='bbox 425 2425 578 2510; x_wconf 87' lang='lat' dir='ltr'>procedit,</span> <span class='ocrx_word' id='word_1_125' title='bbox 588 2425 675 2509; x_wconf 91' lang='lat' dir='ltr'>quod</span> <span class='ocrx_word' id='word_1_126' title='bbox 688 2423 772 2489; x_wconf 87' lang='lat' dir='ltr'>nulli</span> <span class='ocrx_word' id='word_1_127' title='bbox 782 2424 997 2508; x_wconf 71' lang='lat' dir='ltr'>prejudicare,</span> <span class='ocrx_word' id='word_1_128' title='bbox 1008 2424 1065 2490; x_wconf 90' lang='lat' dir='ltr'>sed</span> <span class='ocrx_word' id='word_1_129' title='bbox 1078 2423 1275 2510; x_wconf 88' lang='lat' dir='ltr'>singulorum</span> <span class='ocrx_word' id='word_1_130' title='bbox 1286 2425 1369 2510; x_wconf 77' lang='lat' dir='ltr'>juin,</span> <span class='ocrx_word' id='word_1_131' title='bbox 1379 2443 1445 2488; x_wconf 92' lang='lat' dir='ltr'>non</span> 
     </span>
     <span class='ocr_line' id='line_1_19' title="bbox 316 2510 1444 2595; baseline -0.003 -19"><span class='ocrx_word' id='word_1_132' title='bbox 316 2511 425 2576; x_wconf 77' lang='lat' dir='ltr'>minius</span> <span class='ocrx_word' id='word_1_133' title='bbox 438 2513 474 2576; x_wconf 92' lang='lat' dir='ltr'>in</span> <span class='ocrx_word' id='word_1_134' title='bbox 488 2511 560 2576; x_wconf 82' lang='lat' dir='ltr'>eliis</span> <span class='ocrx_word' id='word_1_135' title='bbox 575 2531 673 2595; x_wconf 83' lang='lat' dir='ltr'>quem</span> <span class='ocrx_word' id='word_1_136' title='bbox 685 2511 722 2575; x_wconf 91' lang='lat' dir='ltr'>in</span> <span class='ocrx_word' id='word_1_137' title='bbox 743 2511 856 2594; x_wconf 86' lang='lat' dir='ltr'>seipse,</span> <span class='ocrx_word' id='word_1_138' title='bbox 870 2517 1025 2595; x_wconf 77' lang='lat' dir='ltr'>tunquam</span> <span class='ocrx_word' id='word_1_139' title='bbox 1043 2510 1129 2594; x_wconf 80' lang='lat' dir='ltr'>jure⁹</span> <span class='ocrx_word' id='word_1_140' title='bbox 1142 2511 1298 2576; x_wconf 80' lang='lat' dir='ltr'>catholico</span> <span class='ocrx_word' id='word_1_141' title='bbox 1320 2529 1444 2575; x_wconf 89' lang='lat' dir='ltr'>conser-</span> 
     </span>
     <span class='ocr_line' id='line_1_20' title="bbox 316 2597 1445 2680; baseline -0.001 -20"><span class='ocrx_word' id='word_1_142' title='bbox 316 2618 391 2663; x_wconf 83' lang='lat' dir='ltr'>vare</span> <span class='ocrx_word' id='word_1_143' title='bbox 399 2598 597 2663; x_wconf 72' lang='lat' dir='ltr'>velitillaese.</span> <span class='ocrx_word' id='word_1_144' title='bbox 635 2598 726 2673; x_wconf 82' lang='lat' dir='ltr'>Sane,</span> <span class='ocrx_word' id='word_1_145' title='bbox 737 2602 909 2661; x_wconf 76' lang='lat' dir='ltr'>convocato</span> <span class='ocrx_word' id='word_1_146' title='bbox 919 2617 1021 2680; x_wconf 84' lang='lat' dir='ltr'>nuper</span> <span class='ocrx_word' id='word_1_147' title='bbox 1031 2598 1268 2662; x_wconf 88' lang='lat' dir='ltr'>serenissimum</span> <span class='ocrx_word' id='word_1_148' title='bbox 1279 2597 1445 2661; x_wconf 90' lang='lat' dir='ltr'>dominum</span> 
     </span>
     <span class='ocr_line' id='line_1_21' title="bbox 317 2681 1445 2768; baseline -0.002 -21"><span class='ocrx_word' id='word_1_149' title='bbox 317 2688 462 2748; x_wconf 89' lang='lat' dir='ltr'>nostrum</span> <span class='ocrx_word' id='word_1_150' title='bbox 476 2683 679 2761; x_wconf 74' lang='lat' dir='ltr'>Edwardum</span> <span class='ocrx_word' id='word_1_151' title='bbox 693 2683 758 2747; x_wconf 90' lang='lat' dir='ltr'>Dei</span> <span class='ocrx_word' id='word_1_152' title='bbox 770 2683 876 2768; x_wconf 85' lang='lat' dir='ltr'>grecie</span> <span class='ocrx_word' id='word_1_153' title='bbox 889 2703 995 2768; x_wconf 89' lang='lat' dir='ltr'>regem</span> <span class='ocrx_word' id='word_1_154' title='bbox 1005 2683 1133 2768; x_wconf 81' lang='lat' dir='ltr'>Angliae</span> <span class='ocrx_word' id='word_1_155' title='bbox 1146 2683 1311 2761; x_wconf 78' lang='lat' dir='ltr'>illustrem,</span> <span class='ocrx_word' id='word_1_156' title='bbox 1324 2681 1445 2767; x_wconf 84' lang='lat' dir='ltr'>perlen-</span> 
     </span>
     <span class='ocr_line' id='line_1_22' title="bbox 317 2768 1446 2855; baseline -0.001 -22"><span class='ocrx_word' id='word_1_157' title='bbox 317 2770 452 2834; x_wconf 84' lang='lat' dir='ltr'>mento¹⁰</span> <span class='ocrx_word' id='word_1_158' title='bbox 465 2771 552 2855; x_wconf 81' lang='lat' dir='ltr'>opud</span> <span class='ocrx_word' id='word_1_159' title='bbox 566 2769 771 2834; x_wconf 83' lang='lat' dir='ltr'>Iincolneem</span> <span class='ocrx_word' id='word_1_160' title='bbox 791 2769 931 2854; x_wconf 75' lang='lat' dir='ltr'>generali</span> <span class='ocrx_word' id='word_1_161' title='bbox 953 2775 1052 2847; x_wconf 90' lang='lat' dir='ltr'>tento,</span> <span class='ocrx_word' id='word_1_162' title='bbox 1066 2769 1153 2834; x_wconf 87' lang='lat' dir='ltr'>idem</span> <span class='ocrx_word' id='word_1_163' title='bbox 1168 2768 1317 2836; x_wconf 88' lang='lat' dir='ltr'>dominus</span> <span class='ocrx_word' id='word_1_164' title='bbox 1338 2775 1446 2834; x_wconf 88' lang='lat' dir='ltr'>noster</span> 
     </span>
     <span class='ocr_line' id='line_1_23' title="bbox 317 2855 1445 2942; baseline -0.001 -22"><span class='ocrx_word' id='word_1_165' title='bbox 317 2856 472 2940; x_wconf 83' lang='lat' dir='ltr'>quasdem</span> <span class='ocrx_word' id='word_1_166' title='bbox 493 2857 602 2922; x_wconf 84' lang='lat' dir='ltr'>literas</span> <span class='ocrx_word' id='word_1_167' title='bbox 624 2855 822 2940; x_wconf 79' lang='lat' dir='ltr'>apostolicos,</span> <span class='ocrx_word' id='word_1_168' title='bbox 843 2876 923 2939; x_wconf 85' lang='lat' dir='ltr'>ques</span> <span class='ocrx_word' id='word_1_169' title='bbox 944 2875 1041 2941; x_wconf 89' lang='lat' dir='ltr'>super</span> <span class='ocrx_word' id='word_1_170' title='bbox 1061 2855 1154 2922; x_wconf 88' lang='lat' dir='ltr'>certis</span> <span class='ocrx_word' id='word_1_171' title='bbox 1176 2856 1315 2942; x_wconf 83' lang='lat' dir='ltr'>negociis</span> <span class='ocrx_word' id='word_1_172' title='bbox 1336 2855 1445 2920; x_wconf 89' lang='lat' dir='ltr'>condi·</span> 
     </span>
     <span class='ocr_line' id='line_1_24' title="bbox 316 2942 1446 3028; baseline -0.002 -20"><span class='ocrx_word' id='word_1_173' title='bbox 316 2943 441 3008; x_wconf 89' lang='lat' dir='ltr'>cionem</span> <span class='ocrx_word' id='word_1_174' title='bbox 463 2948 496 3008; x_wconf 89' lang='lat' dir='ltr'>et</span> <span class='ocrx_word' id='word_1_175' title='bbox 517 2948 638 3008; x_wconf 88' lang='lat' dir='ltr'>etetum</span> <span class='ocrx_word' id='word_1_176' title='bbox 659 2942 772 3028; x_wconf 85' lang='lat' dir='ltr'>regni¹¹</span> <span class='ocrx_word' id='word_1_177' title='bbox 795 2942 914 3007; x_wconf 85' lang='lat' dir='ltr'>Scociee</span> <span class='ocrx_word' id='word_1_178' title='bbox 933 2942 1139 3028; x_wconf 79' lang='lat' dir='ltr'>tangentibus</span> <span class='ocrx_word' id='word_1_179' title='bbox 1161 2963 1202 3008; x_wconf 84' lang='lat' dir='ltr'>ex</span> <span class='ocrx_word' id='word_1_180' title='bbox 1223 2949 1314 3027; x_wconf 86' lang='lat' dir='ltr'>perte</span> <span class='ocrx_word' id='word_1_181' title='bbox 1338 2949 1446 3006; x_wconf 80' lang='lat' dir='ltr'>vestre</span> 
     </span>
     <span class='ocr_line' id='line_1_25' title="bbox 315 3027 1445 3200; baseline -0.003 -19"><span class='ocrx_word' id='word_1_182' title='bbox 315 3027 1445 3200; x_wconf 42' lang='lat' dir='ltr'>3t3,.3..12...3.,3,....333...3.35pe.p...ppffi</span> 
     </span>
     <span class='ocr_line' id='line_1_26' title="bbox 338 3134 1362 3192; baseline -0.001 -12"><span class='ocrx_word' id='word_1_183' title='bbox 338 3135 842 3182; x_wconf 86' lang='lat' dir='ltr'>usecrem.u1useu</span> <span class='ocrx_word' id='word_1_184' title='bbox 942 3134 960 3180; x_wconf 94' lang='lat' dir='ltr'>e</span> <span class='ocrx_word' id='word_1_185' title='bbox 1094 3136 1117 3179; x_wconf 87' lang='lat' dir='ltr'>n</span> <span class='ocrx_word' id='word_1_186' title='bbox 1182 3136 1217 3179; x_wconf 91' lang='lat' dir='ltr'>1n</span> <span class='ocrx_word' id='word_1_187' title='bbox 1275 3135 1362 3192; x_wconf 92' lang='lat' dir='ltr'>e,</span> 
     </span>
    </p>

    <p class='ocr_par' dir='ltr' id='par_1_5' title="bbox 315 3137 1446 3722">
     <span class='ocr_line' id='line_1_27' title="bbox 316 3137 1445 3286; baseline -0.002 -19"><span class='ocrx_word' id='word_1_188' title='bbox 316 3203 435 3268; x_wconf 87' lang='lat' dir='ltr'>nostris</span> <span class='ocrx_word' id='word_1_189' title='bbox 450 3137 596 3269; x_wconf 60' lang='lat' dir='ltr'>eensxdbdus</span> <span class='ocrx_word' id='word_1_190' title='bbox 605 3203 799 3279; x_wconf 75' lang='lat' dir='ltr'>admirando,</span> <span class='ocrx_word' id='word_1_191' title='bbox 811 3222 909 3286; x_wconf 85' lang='lat' dir='ltr'>quem</span> <span class='ocrx_word' id='word_1_192' title='bbox 922 3200 1100 3267; x_wconf 80' lang='lat' dir='ltr'>hettenus¹⁸</span> <span class='ocrx_word' id='word_1_193' title='bbox 1110 3201 1264 3280; x_wconf 81' lang='lat' dir='ltr'>inaudite,</span> <span class='ocrx_word' id='word_1_194' title='bbox 1274 3201 1311 3266; x_wconf 88' lang='lat' dir='ltr'>in</span> <span class='ocrx_word' id='word_1_195' title='bbox 1324 3201 1445 3266; x_wconf 88' lang='lat' dir='ltr'>eisdem</span> 
     </span>
     <span class='ocr_line' id='line_1_28' title="bbox 316 3288 1446 3373; baseline -0.003 -19"><span class='ocrx_word' id='word_1_196' title='bbox 316 3289 500 3355; x_wconf 85' lang='lat' dir='ltr'>audivimus</span> <span class='ocrx_word' id='word_1_197' title='bbox 511 3289 676 3356; x_wconf 79' lang='lat' dir='ltr'>contineri.</span> <span class='ocrx_word' id='word_1_198' title='bbox 721 3289 847 3355; x_wconf 85' lang='lat' dir='ltr'>Scimus</span> <span class='ocrx_word' id='word_1_199' title='bbox 861 3288 956 3366; x_wconf 90' lang='lat' dir='ltr'>enim,</span> <span class='ocrx_word' id='word_1_200' title='bbox 964 3293 1055 3373; x_wconf 87' lang='lat' dir='ltr'>peter</span> <span class='ocrx_word' id='word_1_201' title='bbox 1068 3288 1277 3365; x_wconf 80' lang='lat' dir='ltr'>sanctissime,</span> <span class='ocrx_word' id='word_1_202' title='bbox 1287 3292 1321 3352; x_wconf 90' lang='lat' dir='ltr'>et</span> <span class='ocrx_word' id='word_1_203' title='bbox 1331 3294 1446 3352; x_wconf 91' lang='lat' dir='ltr'>notum</span> 
     </span>
     <span class='ocr_line' id='line_1_29' title="bbox 316 3373 1446 3462; baseline -0.004 -20"><span class='ocrx_word' id='word_1_204' title='bbox 316 3381 367 3442; x_wconf 86' lang='lat' dir='ltr'>est</span> <span class='ocrx_word' id='word_1_205' title='bbox 380 3376 574 3460; x_wconf 79' lang='lat' dir='ltr'>inpartibus</span> <span class='ocrx_word' id='word_1_206' title='bbox 588 3376 723 3462; x_wconf 82' lang='lat' dir='ltr'>Angliae,</span> <span class='ocrx_word' id='word_1_207' title='bbox 733 3383 767 3441; x_wconf 88' lang='lat' dir='ltr'>et</span> <span class='ocrx_word' id='word_1_208' title='bbox 777 3375 942 3441; x_wconf 85' lang='lat' dir='ltr'>nonnullis</span> <span class='ocrx_word' id='word_1_209' title='bbox 953 3375 1026 3440; x_wconf 77' lang='lat' dir='ltr'>eliis</span> <span class='ocrx_word' id='word_1_210' title='bbox 1040 3394 1106 3439; x_wconf 93' lang='lat' dir='ltr'>non</span> <span class='ocrx_word' id='word_1_211' title='bbox 1120 3381 1170 3440; x_wconf 90' lang='lat' dir='ltr'>est</span> <span class='ocrx_word' id='word_1_212' title='bbox 1183 3374 1338 3460; x_wconf 88' lang='lat' dir='ltr'>ignotum,</span> <span class='ocrx_word' id='word_1_213' title='bbox 1349 3373 1446 3458; x_wconf 91' lang='lat' dir='ltr'>quod,</span> 
     </span>
     <span class='ocr_line' id='line_1_30' title="bbox 315 3461 1446 3548; baseline -0.002 -22"><span class='ocrx_word' id='word_1_214' title='bbox 315 3483 336 3526; x_wconf 84' lang='lat' dir='ltr'>e</span> <span class='ocrx_word' id='word_1_215' title='bbox 350 3462 453 3547; x_wconf 85' lang='lat' dir='ltr'>prime</span> <span class='ocrx_word' id='word_1_216' title='bbox 467 3464 699 3530; x_wconf 88' lang='lat' dir='ltr'>constitucione</span> <span class='ocrx_word' id='word_1_217' title='bbox 712 3464 803 3548; x_wconf 88' lang='lat' dir='ltr'>regni</span> <span class='ocrx_word' id='word_1_218' title='bbox 816 3462 952 3547; x_wconf 82' lang='lat' dir='ltr'>Angliee,</span> <span class='ocrx_word' id='word_1_219' title='bbox 966 3481 1078 3546; x_wconf 69' lang='lat' dir='ltr'>regim</span> <span class='ocrx_word' id='word_1_220' title='bbox 1091 3461 1234 3545; x_wconf 89' lang='lat' dir='ltr'>ejusdem</span> <span class='ocrx_word' id='word_1_221' title='bbox 1248 3461 1446 3545; x_wconf 87' lang='lat' dir='ltr'>temporibus</span> 
     </span>
     <span class='ocr_line' id='line_1_31' title="bbox 316 3546 1444 3637; baseline -0.004 -23"><span class='ocrx_word' id='word_1_222' title='bbox 316 3556 386 3614; x_wconf 82' lang='lat' dir='ltr'>tum</span> <span class='ocrx_word' id='word_1_223' title='bbox 414 3549 584 3616; x_wconf 87' lang='lat' dir='ltr'>Britonum</span> <span class='ocrx_word' id='word_1_224' title='bbox 605 3571 703 3637; x_wconf 83' lang='lat' dir='ltr'>quem</span> <span class='ocrx_word' id='word_1_225' title='bbox 723 3549 910 3636; x_wconf 82' lang='lat' dir='ltr'>Anglorum,</span> <span class='ocrx_word' id='word_1_226' title='bbox 934 3548 1080 3633; x_wconf 87' lang='lat' dir='ltr'>superius</span> <span class='ocrx_word' id='word_1_227' title='bbox 1105 3553 1139 3612; x_wconf 89' lang='lat' dir='ltr'>et</span> <span class='ocrx_word' id='word_1_228' title='bbox 1160 3547 1316 3611; x_wconf 88' lang='lat' dir='ltr'>directum</span> <span class='ocrx_word' id='word_1_229' title='bbox 1341 3546 1444 3611; x_wconf 92' lang='lat' dir='ltr'>domi·</span> 
     </span>
     <span class='ocr_line' id='line_1_32' title="bbox 317 3631 1446 3722; baseline -0.003 -21"><span class='ocrx_word' id='word_1_230' title='bbox 317 3635 409 3701; x_wconf 91' lang='lat' dir='ltr'>nium</span> <span class='ocrx_word' id='word_1_231' title='bbox 419 3637 509 3722; x_wconf 87' lang='lat' dir='ltr'>regni</span> <span class='ocrx_word' id='word_1_232' title='bbox 523 3637 641 3704; x_wconf 84' lang='lat' dir='ltr'>Scooiae</span> <span class='ocrx_word' id='word_1_233' title='bbox 651 3637 842 3715; x_wconf 74' lang='lat' dir='ltr'>habuerunt,</span> <span class='ocrx_word' id='word_1_234' title='bbox 852 3656 889 3701; x_wconf 89' lang='lat' dir='ltr'>sc</span> <span class='ocrx_word' id='word_1_235' title='bbox 900 3637 936 3701; x_wconf 91' lang='lat' dir='ltr'>in</span> <span class='ocrx_word' id='word_1_236' title='bbox 946 3634 1153 3718; x_wconf 89' lang='lat' dir='ltr'>possessione,</span> <span class='ocrx_word' id='word_1_237' title='bbox 1164 3632 1265 3717; x_wconf 80' lang='lat' dir='ltr'>qussi,</span> <span class='ocrx_word' id='word_1_238' title='bbox 1275 3631 1446 3717; x_wconf 78' lang='lat' dir='ltr'>ejusdem¹⁴</span> 
     </span>
    </p>
   </div>
   <div class='ocr_carea' id='block_1_5' title="bbox 313 3718 1445 3873">
    <p class='ocr_par' dir='ltr' id='par_1_6' title="bbox 313 3718 1445 3873">
     <span class='ocr_line' id='line_1_33' title="bbox 313 3718 1445 3873; baseline -0.003 -87"><span class='ocrx_word' id='word_1_239' title='bbox 313 3724 548 3807; x_wconf 82' lang='lat' dir='ltr'>superioritetis</span> <span class='ocrx_word' id='word_1_240' title='bbox 562 3731 596 3790; x_wconf 89' lang='lat' dir='ltr'>et</span> <span class='ocrx_word' id='word_1_241' title='bbox 609 3725 724 3790; x_wconf 83' lang='lat' dir='ltr'>directi</span> <span class='ocrx_word' id='word_1_242' title='bbox 738 3723 874 3790; x_wconf 90' lang='lat' dir='ltr'>dominii</span> <span class='ocrx_word' id='word_1_243' title='bbox 876 3721 997 3873; x_wconf 58' lang='lat' dir='ltr'>uppem</span> <span class='ocrx_word' id='word_1_244' title='bbox 1019 3740 1053 3784; x_wconf 89' lang='lat' dir='ltr'>re</span> <span class='ocrx_word' id='word_1_245' title='bbox 1099 3719 1241 3784; x_wconf 83' lang='lat' dir='ltr'>‘Scociae</span> <span class='ocrx_word' id='word_1_246' title='bbox 1254 3718 1445 3785; x_wconf 85' lang='lat' dir='ltr'>successivis</span> 
     </span>
     <span class='ocr_line' id='line_1_34' title="bbox 925 3829 944 3873; baseline 0 0"><span class='ocrx_word' id='word_1_247' title='bbox 925 3829 944 3873; x_wconf 93' lang='lat' dir='ltr'>o</span> 
     </span>
    </p>
   </div>
   <div class='ocr_carea' id='block_1_6' title="bbox 315 3805 1446 3894">
    <p class='ocr_par' dir='ltr' id='par_1_7' title="bbox 315 3805 1446 3894">
     <span class='ocr_line' id='line_1_35' title="bbox 315 3805 1446 3894; baseline -0.004 -20"><span class='ocrx_word' id='word_1_248' title='bbox 315 3811 513 3894; x_wconf 83' lang='lat' dir='ltr'>temporibus</span> <span class='ocrx_word' id='word_1_249' title='bbox 538 3811 721 3878; x_wconf 81' lang='lat' dir='ltr'>extiterunt</span> <span class='ocrx_word' id='word_1_250' title='bbox 779 3810 849 3876; x_wconf 86' lang='lat' dir='ltr'>Nec</span> <span class='ocrx_word' id='word_1_251' title='bbox 944 3805 1051 3872; x_wconf 89' lang='lat' dir='ltr'>modol</span> <span class='ocrx_word' id='word_1_252' title='bbox 1085 3805 1209 3870; x_wconf 89' lang='lat' dir='ltr'>dictum</span> <span class='ocrx_word' id='word_1_253' title='bbox 1236 3825 1380 3891; x_wconf 89' lang='lat' dir='ltr'>regnum,</span> <span class='ocrx_word' id='word_1_254' title='bbox 1408 3805 1446 3870; x_wconf 91' lang='lat' dir='ltr'>in</span> 
     </span>
    </p>
   </div>
   <div class='ocr_carea' id='block_1_7' title="bbox 350 4013 1433 4510">
    <p class='ocr_par' dir='ltr' id='par_1_8' title="bbox 350 4013 1433 4510">
     <span class='ocr_line' id='line_1_36' title="bbox 363 4013 1316 4077; baseline -0.007 -2"><span class='ocrx_word' id='word_1_255' title='bbox 363 4021 373 4058; x_wconf 86' lang='lat'>¹</span> <span class='ocrx_word' id='word_1_256' title='bbox 386 4023 415 4075; x_wconf 83' lang='lat'>0.</span> <span class='ocrx_word' id='word_1_257' title='bbox 428 4023 459 4075; x_wconf 88' lang='grc' dir='ltr'>Ε.</span> <span class='ocrx_word' id='word_1_258' title='bbox 472 4039 630 4077; x_wconf 86' lang='lat' dir='ltr'>communes.</span> <span class='ocrx_word' id='word_1_259' title='bbox 702 4021 754 4076; x_wconf 79' lang='lat'>²0.</span> <span class='ocrx_word' id='word_1_260' title='bbox 767 4023 800 4074; x_wconf 89' lang='lat' dir='ltr'>D.</span> <span class='ocrx_word' id='word_1_261' title='bbox 814 4021 844 4073; x_wconf 99' lang='grc' dir='ltr'>Ε.</span> <span class='ocrx_word' id='word_1_262' title='bbox 858 4016 1056 4072; x_wconf 74' lang='lat' dir='ltr'>controversias.</span> <span class='ocrx_word' id='word_1_263' title='bbox 1112 4013 1164 4068; x_wconf 81' lang='lat'>⁸0.</span> <span class='ocrx_word' id='word_1_264' title='bbox 1178 4016 1209 4068; x_wconf 91' lang='lat' dir='ltr'>D.</span> <span class='ocrx_word' id='word_1_265' title='bbox 1222 4017 1253 4068; x_wconf 79' lang='lat' dir='ltr'>lt</span> <span class='ocrx_word' id='word_1_266' title='bbox 1266 4016 1316 4068; x_wconf 78' lang='lat' dir='ltr'>vel.</span> 
     </span>
     <span class='ocr_line' id='line_1_37' title="bbox 363 4091 1084 4156; baseline -0.014 -10"><span class='ocrx_word' id='word_1_267' title='bbox 363 4091 375 4128; x_wconf 83' lang='lat'><strong>⁴</strong></span> <span class='ocrx_word' id='word_1_268' title='bbox 387 4093 416 4146; x_wconf 80' lang='grc' dir='ltr'>Ο.</span> <span class='ocrx_word' id='word_1_269' title='bbox 429 4097 502 4148; x_wconf 60' lang='lat' dir='ltr'>omit</span> <span class='ocrx_word' id='word_1_270' title='bbox 513 4099 548 4146; x_wconf 89' lang='lat' dir='ltr'>et.</span> <span class='ocrx_word' id='word_1_271' title='bbox 700 4091 712 4127; x_wconf 77' lang='lat'><strong>⁵</strong></span> <span class='ocrx_word' id='word_1_272' title='bbox 724 4093 753 4146; x_wconf 81' lang='lat' dir='ltr'>O.</span> <span class='ocrx_word' id='word_1_273' title='bbox 764 4091 795 4146; x_wconf 83' lang='grc' dir='ltr'>Ε.</span> <span class='ocrx_word' id='word_1_274' title='bbox 808 4091 864 4142; x_wconf 78' lang='lat' dir='ltr'>add</span> <span class='ocrx_word' id='word_1_275' title='bbox 874 4103 1024 4156; x_wconf 79' lang='lat' dir='ltr'>perversum</span> <span class='ocrx_word' id='word_1_276' title='bbox 1036 4091 1084 4138; x_wconf 85' lang='lat' dir='ltr'>etc.</span> 
     </span>
     <span class='ocr_line' id='line_1_38' title="bbox 364 4153 1433 4226; baseline -0.007 -10"><span class='ocrx_word' id='word_1_277' title='bbox 364 4158 416 4219; x_wconf 80' lang='lat'>⁰0.</span> <span class='ocrx_word' id='word_1_278' title='bbox 429 4163 461 4216; x_wconf 90' lang='grc' dir='ltr'>Ε.</span> <span class='ocrx_word' id='word_1_279' title='bbox 474 4181 511 4216; x_wconf 77' lang='lat' dir='ltr'>so.</span> <span class='ocrx_word' id='word_1_280' title='bbox 699 4162 753 4217; x_wconf 78' lang='lat'>²0.</span> <span class='ocrx_word' id='word_1_281' title='bbox 765 4161 921 4214; x_wconf 83' lang='lat' dir='ltr'>misterium</span> <span class='ocrx_word' id='word_1_282' title='bbox 1108 4153 1315 4221; x_wconf 74' lang='lat' dir='ltr'>⁸Alterudsmm</span> <span class='ocrx_word' id='word_1_283' title='bbox 1326 4157 1433 4226; x_wconf 83' lang='lat' dir='ltr'>regibus</span> 
     </span>
     <span class='ocr_line' id='line_1_39' title="bbox 363 4224 1293 4301; baseline -0.01 -15"><span class='ocrx_word' id='word_1_284' title='bbox 363 4231 416 4286; x_wconf 78' lang='lat'>⁸0.</span> <span class='ocrx_word' id='word_1_285' title='bbox 429 4235 460 4286; x_wconf 88' lang='grc' dir='ltr'>Ε.</span> <span class='ocrx_word' id='word_1_286' title='bbox 473 4237 534 4286; x_wconf 79' lang='lat' dir='ltr'>omit</span> <span class='ocrx_word' id='word_1_287' title='bbox 544 4235 610 4301; x_wconf 80' lang='lat' dir='ltr'>jure</span> <span class='ocrx_word' id='word_1_288' title='bbox 694 4231 716 4268; x_wconf 85' lang='lat'>¹⁰</span> <span class='ocrx_word' id='word_1_289' title='bbox 727 4233 757 4286; x_wconf 80' lang='lat' dir='ltr'>O.</span> <span class='ocrx_word' id='word_1_290' title='bbox 770 4233 801 4285; x_wconf 87' lang='grc' dir='ltr'>Ε.</span> <span class='ocrx_word' id='word_1_291' title='bbox 814 4230 1029 4298; x_wconf 75' lang='lat' dir='ltr'>puleementum.</span> <span class='ocrx_word' id='word_1_292' title='bbox 1101 4224 1122 4260; x_wconf 86' lang='lat'>¹¹</span> <span class='ocrx_word' id='word_1_293' title='bbox 1135 4225 1163 4278; x_wconf 83' lang='lat' dir='ltr'>O.</span> <span class='ocrx_word' id='word_1_294' title='bbox 1176 4243 1293 4295; x_wconf 83' lang='lat' dir='ltr'>regnum</span> 
     </span>
     <span class='ocr_line' id='line_1_40' title="bbox 351 4296 1264 4380; baseline -0.014 -21"><span class='ocrx_word' id='word_1_295' title='bbox 351 4301 374 4338; x_wconf 81' lang='lat'>¹²</span> <span class='ocrx_word' id='word_1_296' title='bbox 386 4307 415 4358; x_wconf 83' lang='grc'>0.</span> <span class='ocrx_word' id='word_1_297' title='bbox 427 4305 548 4372; x_wconf 68' lang='lat' dir='ltr'>precipit</span> <span class='ocrx_word' id='word_1_298' title='bbox 559 4305 654 4356; x_wconf 64' lang='lat' dir='ltr'>chereti</span> <span class='ocrx_word' id='word_1_299' title='bbox 665 4311 691 4356; x_wconf 87' lang='lat' dir='ltr'>to</span> <span class='ocrx_word' id='word_1_300' title='bbox 700 4301 886 4372; x_wconf 72' lang='lat' dir='ltr'>praeeip[er]et</span> <span class='ocrx_word' id='word_1_301' title='bbox 923 4299 955 4350; x_wconf 88' lang='grc' dir='ltr'>Ε.</span> <span class='ocrx_word' id='word_1_302' title='bbox 967 4296 1098 4365; x_wconf 71' lang='lat' dir='ltr'>precepit.</span> <span class='ocrx_word' id='word_1_303' title='bbox 1257 4367 1264 4380; x_wconf 46' lang='lat'><strong>·</strong></span> 
     </span>
     <span class='ocr_line' id='line_1_41' title="bbox 350 4364 1369 4434; baseline -0.007 -7"><span class='ocrx_word' id='word_1_304' title='bbox 350 4371 410 4426; x_wconf 60' lang='grc' dir='ltr'>ΒΕ</span> <span class='ocrx_word' id='word_1_305' title='bbox 424 4376 456 4427; x_wconf 90' lang='lat' dir='ltr'>D.</span> <span class='ocrx_word' id='word_1_306' title='bbox 470 4377 499 4428; x_wconf 82' lang='grc' dir='ltr'><strong>Ε</strong></span> <span class='ocrx_word' id='word_1_307' title='bbox 513 4377 647 4428; x_wconf 66' lang='lat' dir='ltr'>motuum</span> <span class='ocrx_word' id='word_1_308' title='bbox 1103 4364 1125 4402; x_wconf 83' lang='lat'>¹¹</span> <span class='ocrx_word' id='word_1_309' title='bbox 1136 4367 1165 4419; x_wconf 77' lang='grc'>0.</span> <span class='ocrx_word' id='word_1_310' title='bbox 1177 4365 1207 4420; x_wconf 82' lang='grc' dir='ltr'><strong>Ε</strong></span> <span class='ocrx_word' id='word_1_311' title='bbox 1221 4367 1369 4434; x_wconf 69' lang='lat' dir='ltr'>cupurdnnn</span> 
     </span>
     <span class='ocr_line' id='line_1_42' title="bbox 351 4437 1006 4510; baseline -0.009 -14"><span class='ocrx_word' id='word_1_312' title='bbox 351 4441 374 4478; x_wconf 76' lang='lat'>¹⁸</span> <span class='ocrx_word' id='word_1_313' title='bbox 385 4445 415 4497; x_wconf 81' lang='lat' dir='ltr'>O.</span> <span class='ocrx_word' id='word_1_314' title='bbox 428 4446 458 4496; x_wconf 91' lang='grc' dir='ltr'>Ε.</span> <span class='ocrx_word' id='word_1_315' title='bbox 471 4447 535 4498; x_wconf 80' lang='lat' dir='ltr'>read</span> <span class='ocrx_word' id='word_1_316' title='bbox 546 4445 601 4497; x_wconf 84' lang='lat' dir='ltr'>Nec</span> <span class='ocrx_word' id='word_1_317' title='bbox 613 4444 675 4497; x_wconf 83' lang='lat' dir='ltr'>ullis</span> <span class='ocrx_word' id='word_1_318' title='bbox 687 4442 849 4510; x_wconf 79' lang='lat' dir='ltr'>temporibus</span> <span class='ocrx_word' id='word_1_319' title='bbox 861 4437 1006 4493; x_wconf 74' lang='lat' dir='ltr'>retrosetie.</span> 
     </span>
    </p>
   </div>
   <div class='ocr_carea' id='block_1_8' title="bbox 0 0 1646 5124">
    <p class='ocr_par' dir='ltr' id='par_1_9' title="bbox 0 0 1646 5124">
     <span class='ocr_line' id='line_1_43' title="bbox 0 0 1646 5124; baseline 0 1"><span class='ocrx_word' id='word_1_320' title='bbox 0 0 1646 5124; x_wconf 95' lang='lat' dir='ltr'> </span> 
     </span>
    </p>
   </div>
  </div>
 </body>
</html>
