3240 5130
791 502 954 551 APPENDIX
969 503 1003 550 11.

778 974 780 978 .
888 924 932 989 II.

383 1121 609 1190 SCRIPTUM
632 1121 903 1190 ANONYMUM
924 1123 986 1189 DE
1008 1123 1126 1192 REGE
1148 1125 1348 1192 ROBERTO
1372 1125 1438 1190 ΙΙΙ.

345 1313 525 1414 fflN'NO
553 1336 688 1403 Domini
720 1341 814 1415 1390,
844 1335 923 1402 duni
952 1341 1123 1403 coronatur
1150 1339 1295 1404 Joannes
1324 1338 1475 1404 Stuartus

345 1425 479 1492 Roberti
493 1424 627 1490 secundi
641 1424 779 1488 filiorum
800 1429 881 1489 natu
902 1424 1072 1502 maximus,
1086 1425 1144 1509 qui
1158 1446 1199 1491 ex
1212 1425 1312 1489 trium
1326 1424 1475 1496 ordinum

345 1533 502 1578 consensu
523 1511 698 1576 Robertum
720 1530 754 1575 se
776 1509 926 1594 deinceps
948 1511 1106 1576 nominari
1123 1511 1228 1577 voluit
1243 1511 1341 1596 (quod
1356 1531 1475 1576 nomen

344 1601 481 1666 Joannis
506 1603 635 1683 propter
660 1596 826 1662 adversam
849 1597 1011 1662 fortunam
1036 1598 1173 1663 Joannis
1198 1599 1281 1684 regis
1307 1599 1474 1664 Gallorum

344 1687 581 1752 existimaretur
595 1682 798 1769 ominosum),
810 1688 921 1749 tantam
935 1683 1079 1768 undique
1092 1683 1284 1770 populorum
1304 1684 1409 1750 factus
1424 1691 1475 1750 est

345 1773 386 1838 ed
412 1772 549 1837 Sconam
573 1789 744 1836 concursus
769 1775 808 1835 ut
831 1771 990 1836 universae
1017 1791 1109 1854 pane
1137 1771 1323 1836 monasterii
1351 1775 1474 1856 segetes

344 1859 536 1944 proculcata
557 1857 771 1942 perderentur.
817 1857 913 1922 Unde
936 1857 1108 1923 oenomaus
1131 1857 1184 1923 oui
1205 1857 1376 1942 colligandi
1398 1878 1474 1922 con·

346 1944 557 2028 servandique
576 1943 730 2008 sumenti
751 1963 826 2008 cura
848 1943 1038 2009 incubuerat
1051 1964 1158 2030 regem
1171 1944 1212 2009 de
1226 1943 1343 2008 dmnno
1361 1951 1474 2028 postu-

345 2035 468 2098 laturus
483 2031 571 2096 adiit.
616 2029 687 2108 Sed,
702 2030 778 2114 quia
791 2034 871 2096 tunc
885 2030 1038 2116 temporis
1053 2031 1093 2095 ob
1108 2031 1326 2096 celebritatem
1344 2030 1474 2096 admitti

345 2140 411 2184 non
424 2119 539 2204 potuit,
559 2122 687 2200 postero
708 2117 761 2181 die
782 2137 885 2202 mane,
900 2117 1034 2182 collecta
1056 2119 1223 2200 utriusque
1245 2137 1342 2182 sanus
1362 2138 1474 2202 opera-

345 2207 465 2271 riorum
478 2205 582 2281 turba‚
597 2203 690 2287 quasi
711 2202 750 2268 de
772 2209 878 2286 segete
899 2203 1052 2281 demessa,
1065 2204 1116 2267 uti
1130 2223 1217 2269 nunc
1233 2223 1360 2288 quoque
1374 2205 1473 2269 moris

345 2298 402 2372 est,
416 2291 635 2378 gaudentium,
649 2295 682 2355 et
695 2289 803 2374 puella
817 2289 946 2355 nomine
967 2289 1127 2374 Boxgirne
1147 2290 1185 2354 in
1204 2289 1331 2355 hastam
1345 2290 1474 2356 sublata

345 2386 420 2446 ante
443 2377 584 2444 cubiculi
607 2377 686 2462 regii
707 2376 888 2454 fenestram,
903 2397 944 2441 ex
966 2383 1072 2454 cantu,
1094 2377 1240 2455 elamore,
1260 2376 1384 2442 tinnitu
1405 2377 1474 2460 pel-

343 2468 435 2532 vium
455 2465 704 2548 baculorumque
727 2463 769 2528 ed
789 2465 926 2548 parietas
947 2463 1092 2528 allisione
1112 2463 1275 2547 ingentem
1300 2465 1472 2547 strepitum

344 2553 484 2620 excitare
499 2551 607 2636 coepit.
650 2550 747 2616 Unde
768 2570 824 2615 rex
846 2551 1022 2615 admiratus
1043 2549 1232 2616 canonicum
1252 2555 1342 2635 rogat
1356 2551 1474 2634 ecquid

343 2640 407 2706 sibi
430 2640 530 2705 vellet
554 2643 646 2703 tanta
669 2636 773 2721 plebis
800 2636 1016 2722 intemperies.
1061 2635 1290 2714 “Exultamus,
1314 2635 1473 2716 domine,”

343 2727 390 2792 ait
414 2725 593 2804 canonicus,
615 2730 674 2789 “et
694 2724 757 2789 tibi
777 2723 894 2808 gratias
908 2725 1032 2809 egimus
1054 2724 1094 2789 de
1114 2743 1218 2789 messe
1238 2723 1279 2788 ob
1300 2727 1395 2786 tuum
1407 2724 1470 2788 viz.

344 2811 668 2879 adventumtamcito
676 2809 832 2894 facileque
841 2817 978 2895 peracta,
988 2810 1041 2876 oui
1049 2809 1235 2894 colligendae
1242 2809 1321 2874 alias
1329 2808 1366 2872 in
1374 2811 1474 2894 quad·

343 2900 468 2984 raginta
488 2899 584 2964 libras
606 2918 754 2983 magnam
775 2897 919 2982 peeumae
932 2917 1092 2963 summam
1111 2896 1290 2982 expendere
1304 2896 1474 2962 solemus.¹'

345 2986 410 3064 Qui
438 2986 606 3050 astiterant
633 2985 700 3068 regi
727 2983 911 3068 religiosum
939 2983 1032 3067 quasi
1059 2983 1150 3067 lapsa
1177 2989 1285 3048 mente
1312 2982 1467 3048 ridebant

344 3075 476 3139 aeuum
489 3091 546 3136 rex
560 3069 617 3135 illo
631 3077 743 3134 vocato
757 3068 912 3133 demum
933 3089 1027 3134 omne
1047 3069 1199 3155 prasenti
1219 3068 1356 3153 pecunia
1370 3089 1470 3135 resm-
1603 3149 1604 3168 χ

344 3159 403 3226 ciri
413 3157 518 3242 jussit

387 3247 457 3312 Nec
482 3241 585 3308 mirlto
607 3245 689 3326 post,
712 3239 790 3306 dum
816 3247 956 3306 meum
980 3241 1140 3306 Dumbari
1168 3240 1333 3308 obsidione
1360 3241 1474 3328 cingit,
1595 3294 1600 3303 .

343 3336 553 3420 pararentque
581 3348 692 3394 omnes
717 3327 893 3393 discessum
917 3327 959 3392 ad
980 3329 1067 3393 tubae
1090 3327 1242 3405 sonitum,
1269 3328 1473 3413 alterumque

339 3422 409 3506 jam
422 3416 537 3505 pedem
558 3417 600 3482 ad
620 3435 739 3500 equum
762 3413 999 3480 ascendendum
1019 3415 1054 3480 in
1075 3414 1210 3480 scansile
1223 3435 1281 3480 rex
1297 3413 1473 3494 intulisset,

342 3506 479 3574 accurrit
486 3523 607 3590 pauper
616 3501 745 3580 Lanius,
753 3502 959 3586 queriturque
969 3523 1003 3567 se
1013 3501 1197 3566 baudatum
1210 3501 1312 3586 pretio
1323 3501 1472 3567 carnium

343 3595 384 3660 ab
399 3611 561 3660 oeconomo
572 3610 630 3656 suo
644 3593 863 3674 acceptarum
885 3595 918 3654 et
932 3588 1009 3672 quia
1021 3587 1195 3672 requisitus
1206 3607 1388 3653 oeconomus
1403 3608 1472 3653 non

342 3680 529 3766 comparuit,
543 3676 643 3743 Lenio
657 3675 768 3741 stetim
782 3675 942 3741 numerari
955 3680 1076 3759 quanta
1090 3673 1278 3759 conve[n]ta
1291 3679 1360 3739 erat
1370 3675 1473 3759 jussit

342 3767 519 3852 pecuniam.
562 3763 620 3841 Ac,
640 3783 682 3828 ne
703 3762 853 3846 deinceps
874 3762 1024 3845 cuiquam
1045 3782 1065 3826 a
1086 3760 1181 3846 regiis
1202 3761 1360 3826 ministris
1381 3761 1473 3828 fraus

342 3855 441 3932 fieret,
455 3851 558 3919 edixit
579 3856 618 3915 ut
640 3853 715 3914 ante
736 3848 911 3914 discessum
925 3867 1021 3912 suum
1041 3847 1149 3932 palam
1171 3846 1208 3912 iu
1229 3847 1297 3911 foro
1318 3847 1474 3914 admone-

342 3945 453 4006 rentur
466 3939 524 4024 qui
537 3936 703 4024 quippiam
717 3935 784 4000 suis
799 3955 864 4000 non
878 3940 1007 4019 eccepto
1020 3934 1123 4019 pretio
1137 3932 1308 4000 crederent
