3286 5112
670 514 766 564 alena
780 513 899 564 NONUS.
1293 503 1354 564 275

222 673 352 758 recepit,
363 677 395 739 et
406 693 481 738 cum
494 672 637 738 exercitu
644 672 772 757 copioso
785 672 872 738 ultra
884 675 991 757 partes
1008 677 1176 738 montanas
1190 673 1321 739 secessit
1332 672 1356 736 :¹

223 761 282 825 ubi
303 781 413 826 omnes
434 766 468 825 et
488 759 631 845 singulae
650 759 764 824 terresi
780 765 814 824 et
835 758 977 824 dominia
997 759 1039 824 ed
1061 760 1236 844 Oommyns
1256 761 1356 844 perti-

223 853 336 912 nentes
358 855 392 913 et
412 846 618 932 pertinencia,
631 843 792 931 homagio⁸
810 844 979 911 bominum
999 851 1135 930 recepto,
1149 847 1184 910 in
1205 846 1356 910 manibus

223 933 291 998 auia
320 933 473 999 saisivit:⁴
507 934 565 998 ubi
593 932 726 1014 nullus,⁶
754 933 984 1018 cujuscumque
1013 939 1117 998 statue
1141 933 1264 1010 fuisset,
1294 933 1357 998 eibi

223 1021 439 1086 contradicere
462 1018 619 1100 andebet;
651 1039 710 1086 nec
738 1019 802 1084 fuit
824 1020 860 1084 in
885 1019 951 1085 illis
975 1020 1122 1103 partibus
1143 1039 1180 1084 eo
1200 1019 1359 1104 tempore⁶

223 1107 282 1191 qui
303 1127 337 1173 se
351 1107 513 1173 hominem
527 1107 609 1192 regis
623 1106 732 1172 David
746 1105 787 1172 de
802 1107 903 1192 Broys
924 1127 1022 1172 aureus
1041 1104 1103 1172 cst
1116 1105 1245 1191 publice
1259 1105 1357 1171 confi·

223 1194 293 1272 teri,
305 1197 421 1279 praeter
433 1195 621 1260 innocentes
641 1193 792 1272 iniantee,
828 1194 864 1258 ni
885 1213 952 1259 una
971 1213 1049 1260 voce
1072 1193 1221 1258 dicebant
1242 1213 1278 1260 se
1299 1193 1357 1277 qui

223 1281 826 1433 aerumma
844 1279 1357 1452 tuutueee‘ueu

224 1453 361 1519 Stewart
388 1453 424 1518 in
452 1455 584 1520 castello
612 1455 653 1520 de
680 1453 873 1519 Dunbertan
897 1473 1096 1539 permanens,
1120 1453 1199 1518 setis
1223 1452 1357 1518 moleste

222 1542 326 1607 ferens
341 1541 428 1626 quod
442 1540 548 1608 dicun
562 1561 668 1606 comes
682 1541 789 1606 David
802 1539 949 1606 homines
963 1560 1037 1606 snos
1052 1540 1092 1606 de
1107 1539 1358 1616 Stewartlandie,

223 1628 286 1693 sibi
304 1629 376 1713 jure
397 1627 643 1712 pertinentibus,
656 1627 703 1693 sic
724 1627 890 1706 nectebat,
910 1627 1032 1692 suum¹⁰
1055 1627 1285 1712 patrimonium
1310 1627 1357 1692 sic

222 1714 443 1780 vendimndo:
467 1715 524 1799 qui
539 1715 629 1782 misit
642 1732 700 1798 pro
714 1715 853 1798 quodam
867 1715 993 1792 barone,
1006 1733 1066 1779 auo
1080 1714 1182 1780 emico
1201 1713 1358 1803 putativo,

223 1801 353 1866 domino
367 1802 427 1867 via.
441 1801 591 1887 Argadie
605 1801 693 1866 etde
714 1800 938 1886 Imhqwew,¹²
954 1802 1017 1886 [in]
1032 1821 1128 1886 quem
1149 1821 1215 1885 prae
1233 1800 1356 1866 caeteris

222 1894 314 1971 pater
327 1889 397 1972 ejus
417 1888 606 1967 confidebat,
619 1888 778 1974 Dougallo
794 1887 951 1954 Oembel¹²
964 1895 1095 1968 voceto;
1119 1890 1177 1973 qui
1197 1887 1261 1954 eibi
1281 1907 1357 1952 cum

223 1975 372 2040 omnibus
386 1975 510 2042 viribus
530 1975 678 2041 laetenter
694 1975 837 2041 adhesit.
881 1975 947 2054 Qui
967 1975 1003 2040 in
1024 1974 1136 2060 paucis
1157 1979 1268 2058 postea
1289 1973 1356 2039 die-

222 2061 293 2138 bus,
308 2061 450 2127 collectis
463 2062 586 2128 vidbrrs
608 2083 741 2128 numero
755 2061 1061 2147 quadringentorum
1082 2067 1285 2138 armatorum,
1298 2059 1356 2144 qui

224 2147 360 2212 statim¹⁸
374 2169 448 2213 eum
462 2149 655 2234 quibuadem
668 2148 936 2214 machinamentis
950 2154 1091 2214 omnum
1106 2146 1145 2212 de
1159 2147 1306 2212 Dunuvn
1319 2147 1356 2210 in

223 2233 568 2302 Touvule¹⁴einemore
581 2234 769 2320 ceperunt¹⁶
811 2234 906 2313 Quod
916 2234 1084 2300 audientes
1095 2233 1200 2298 nativi
1210 2232 1356 2298 homines

222 2320 342 2405 patriae,
368 2321 536 2386 dominum
561 2343 657 2387 suurn
681 2321 857 2388 Rcbertum
888 2321 1024 2387 Stevrart
1046 2320 1093 2385 sic
1117 2319 1153 2383 in
1178 2319 1283 2404 petria
1305 2319 1355 2383 in·

222 2413 371 2484 tractem,
398 2409 580 2494 congregati
611 2415 688 2474 sunt
715 2409 863 2492 quaedam
891 2407 984 2472 necio
1012 2405 1228 2472 connaturalis
1256 2405 1287 2470 ei
1316 2405 1356 2470 de

224 2494 320 2572 Butb,
331 2494 389 2578 qui
399 2495 562 2560 Braudani
572 2495 741 2560 dicuntur:
762 2495 820 2580 qui
834 2495 870 2558 in
878 2494 1037 2559 auxilium
1047 2493 1111 2559 sibi
1124 2493 1252 2578 proprio
1266 2497 1356 2557 motu

223 2581 398 2659 venientes,
412 2603 432 2646 e
445 2581 632 2648 vicecomite
646 2583 759 2666 patrive
773 2581 877 2647 Alano
891 2580 961 2646 Lile
975 2581 1152 2665 anticipati,
1166 2580 1202 2644 in
1217 2579 1355 2663 quodam

222 2665 292 2732 loco
313 2668 418 2734 stricti
437 2669 592 2735 transitus
614 2669 743 2735 eosdem
763 2670 900 2734 inermes
921 2667 1071 2753 undeque
1093 2665 1355 2742 circumcludens,

222 2754 397 2820 interime1⁶
416 2756 486 2820 aine
507 2756 724 2822 misericordie
745 2761 879 2822 conatus
901 2760 958 2822 est
1002 2753 1059 2819 Illi
1081 2774 1155 2819 vero
1180 2752 1354 2828 Brandeni,

222 2840 368 2908 videntes
379 2862 414 2908 ae
428 2843 475 2908 sie
483 2842 632 2927 undeque
642 2842 898 2909 circumvallatos
911 2842 1049 2907 inermes
1063 2842 1103 2906 ab
1114 2840 1255 2918 muratis,
1265 2838 1353 2904 aliud

221 2928 423 2994 remedium¹⁷
433 2929 498 2994 nisi
511 2929 648 2995 viriliter
661 2949 696 2996 ee
717 2930 886 2996 defendere
907 2949 973 2994 non
986 2928 1143 3004 videntes,
1156 2927 1191 2992 in
1213 2925 1353 3011 quodam

221 3013 292 3080 loco
312 3022 440 3100 petroso
460 3036 496 3082 se
516 3021 693 3083 statuentes
715 3024 836 3083 etcum
854 3016 1017 3101 lapidibus
1031 3013 1235 3080 manualibus
1250 3033 1284 3078 ae
1298 3013 1352 3078 de·

222 3102 423 3182 fendentes,¹⁸
445 3103 634 3188 praedictum
658 3103 879 3170 vicecomitem
900 3123 975 3170 curn
995 3101 1108 3167 multis
1130 3100 1170 3166 de
1191 3099 1354 3165 nobilibus

223 3191 381 3254 exercitus
399 3189 452 3255 aui
465 3189 586 3256 ibidem
607 3211 682 3256 cum
702 3190 865 3276 lapidibus
879 3198 918 3255 ut
931 3190 1051 3276 mando
1065 3187 1249 3253 volentibus
1271 3186 1354 3252 occi-

222 3272 347 3354 derunt,
361 3283 394 3341 et
408 3276 572 3342 residuum
582 3278 634 3342 sui
644 3279 804 3344 exercitus
817 3278 854 3341 in
867 3277 976 3362 fugam
990 3283 1147 3342 revomere
1161 3273 1352 3340 festinanter

222 3361 446 3445 coegenmt3¹⁹
466 3367 499 3428 et
520 3371 618 3448 ceput
638 3364 719 3430 dicti
733 3363 931 3430 vicecomitis
954 3363 1084 3428 domino
1105 3381 1164 3428 suo
1185 3361 1352 3427 venientes

221 3454 502 3530 presentaverunt,
510 3457 544 3514 et
552 3469 660 3515 eorum
671 3451 773 3516 socios
784 3451 824 3516 de
833 3449 944 3534 spoliis
953 3450 1128 3515 occisorum
1137 3452 1354 3513 armaverunt:

223 3533 387 3599 edomino
401 3555 459 3600 suo
473 3535 575 3600 nichil
595 3535 685 3602 uliud
706 3557 763 3621 pru
784 3555 895 3601 eorum
916 3534 1173 3601 remuneracione
1197 3539 1353 3620 petentes,

222 3619 287 3684 nisi
307 3625 345 3684 ut
359 3641 379 3686 a
392 3621 547 3688 servitute
560 3621 710 3688 erviliae
723 3621 933 3707 subjeccionis
954 3621 1103 3687 multurae
1116 3622 1352 3706 imperpetuum

220 3705 319 3773 libere
345 3708 432 3775 fiant
477 3708 570 3787 Quod
595 3709 716 3775 eisdem
740 3709 886 3774 laetanter
910 3727 1095 3774 conoessum
1123 3715 1192 3774 eet:
1227 3707 1268 3772 de
1289 3725 1354 3790 quo

269 3923 320 3978 ιΒ.
333 3925 365 3978 0.
378 3925 410 3978 Ε.
424 3925 539 3978 recessit
577 3924 608 3978 D.
622 3925 738 3977 eecmeit.
971 3920 1310 3990 ’temmbemerpiulutea

269 3993 322 4050 ⁸0.
335 3997 465 4064 homagia
618 3993 630 4029 ⁴
642 3996 671 4049 0.
684 3994 714 4049 Ε
728 3995 830 4048 sasivit.
969 3992 1022 4048 ⁶0.
1033 3995 1064 4047 Ε
1078 4010 1155 4046 nune.

268 4064 321 4120 ⁸0.
334 4067 365 4119 Ε.
378 4071 493 4120 cetuna
618 4063 670 4119 ¹0.
684 4067 714 4118 Ε.
728 4069 850 4119 enecat.
966 4061 1018 4118 ³0.
1032 4065 1062 4118 Ε
1075 4065 1229 4132 inquireret

268 4134 321 4190 ⁹0.
335 4138 365 4190 Ε.
379 4137 485 4190 etenim.
610 4135 632 4171 ²⁰
643 4136 671 4191 0.
685 4137 714 4188 Ε
728 4153 865 4204 auumque.
959 4133 981 4170 ¹¹
993 4136 1026 4189 D.
1041 4135 1218 4202 lenchquew.

257 4205 280 4241 ¹¹
291 4208 320 4260 (l.
334 4208 364 4262 Ε
378 4207 514 4276 Gempbel.
608 4205 632 4242 ¹⁸
642 4208 670 4261 (l.
683 4208 770 4261 etatis.
806 4207 839 4258 D.
852 4205 1028 4269 uuerdfiom
1038 4206 1124 4258 atatis.

255 4276 279 4382 2:
290 4278 320 4330 B.
334 4279 366 4330 D.
380 4278 505 4331 Dunhura
543 4279 571 4332 C.
584 4277 615 4332 Ε
629 4278 740 4331 Oowale.
959 4275 982 4310 ¹⁵
992 4280 1119 4342 oeperunt
1129 4279 1157 4328 ia
1168 4278 1270 4340 mepte
1280 4276 1352 4328 luter.

256 4347 781 4473 ngffllplrlamssgffmmpg
958 4413 980 4450 ¹⁸
993 4417 1022 4470 0.
1035 4416 1187 4468 defendens

257 4487 278 4523 ¹⁰
290 4490 318 4542 0.
332 4491 365 4542 D.
378 4495 514 4559 cogerunt.
962 4485 985 4520 ²⁰
998 4488 1027 4540 O.
1041 4487 1073 4539 D.
1087 4489 1117 4540 Ε.
1131 4487 1233 4542 servile.
