<?xml version="1.0" encoding="UTF-8"?>
<!DOCTYPE html PUBLIC "-//W3C//DTD XHTML 1.0 Transitional//EN"
    "http://www.w3.org/TR/xhtml1/DTD/xhtml1-transitional.dtd">
<html xmlns="http://www.w3.org/1999/xhtml" xml:lang="en" lang="en">
 <head>
  <title>
</title>
<meta http-equiv="Content-Type" content="text/html;charset=utf-8" />
  <meta name='ocr-system' content='tesseract 3.04.00' />
  <meta name='ocr-capabilities' content='ocr_page ocr_carea ocr_par ocr_line ocrx_word'/>
</head>
<body>
  <div class='ocr_page' id='page_1' title='image "./liberpluscarden01skengoog_0183.png"; bbox 0 0 3284 5122; ppageno 0'>
   <div class='ocr_carea' id='block_1_1' title="bbox 594 493 1291 555">
    <p class='ocr_par' dir='ltr' id='par_1_1' title="bbox 594 493 1291 555">
     <span class='ocr_line' id='line_1_1' title="bbox 594 493 1291 555; baseline -0.001 -1"><span class='ocrx_word' id='word_1_1' title='bbox 594 505 859 555; x_wconf 76' lang='lat' dir='ltr'><strong>masnocrsvus.</strong></span> <span class='ocrx_word' id='word_1_2' title='bbox 1231 493 1291 554; x_wconf 79' lang='lat'><strong>125</strong></span> 
     </span>
    </p>
   </div>
   <div class='ocr_carea' id='block_1_2' title="bbox 162 706 1294 881">
    <p class='ocr_par' dir='ltr' id='par_1_2' title="bbox 162 706 1294 881">
     <span class='ocr_line' id='line_1_2' title="bbox 162 706 1294 880; baseline -0.002 -98"><span class='ocrx_word' id='word_1_3' title='bbox 162 709 325 797; x_wconf 68' lang='lat' dir='ltr'><strong>Sequitm</strong></span> <span class='ocrx_word' id='word_1_4' title='bbox 339 711 439 781; x_wconf 78' lang='lat' dir='ltr'><strong>abhuc</strong></span> <span class='ocrx_word' id='word_1_5' title='bbox 452 710 489 780; x_wconf 79' lang='lat' dir='ltr'><strong>br</strong></span> <span class='ocrx_word' id='word_1_6' title='bbox 503 710 607 780; x_wconf 67' lang='lat' dir='ltr'><strong>atem</strong></span> <span class='ocrx_word' id='word_1_7' title='bbox 617 732 626 789; x_wconf 90' lang='lat'>;</span> <span class='ocrx_word' id='word_1_8' title='bbox 648 711 706 798; x_wconf 76' lang='lat' dir='ltr'><strong>[rt]</strong></span> <span class='ocrx_word' id='word_1_9' title='bbox 721 709 859 880; x_wconf 43' lang='lat' dir='ltr'><strong>ludu&amp;</strong></span> <span class='ocrx_word' id='word_1_10' title='bbox 872 729 925 778; x_wconf 74' lang='lat' dir='ltr'><strong>rex</strong></span> <span class='ocrx_word' id='word_1_11' title='bbox 939 706 1071 795; x_wconf 52' lang='lat' dir='ltr'><strong>gartia</strong></span> <span class='ocrx_word' id='word_1_12' title='bbox 1084 708 1167 778; x_wconf 73' lang='lat' dir='ltr'><strong>atate</strong></span> <span class='ocrx_word' id='word_1_13' title='bbox 1180 711 1294 796; x_wconf 57' lang='lat' dir='ltr'><strong>arsut</strong></span> 
     </span>
     <span class='ocr_line' id='line_1_3' title="bbox 593 830 853 881; baseline 0.004 -3"><span class='ocrx_word' id='word_1_14' title='bbox 593 830 755 881; x_wconf 71' lang='lat' dir='ltr'><strong>manu.-</strong></span> <span class='ocrx_word' id='word_1_15' title='bbox 788 864 795 880; x_wconf 92' lang='lat'><strong>.</strong></span> <span class='ocrx_word' id='word_1_16' title='bbox 846 863 853 879; x_wconf 93' lang='lat'><strong>.</strong></span> 
     </span>
    </p>
   </div>
   <div class='ocr_carea' id='block_1_3' title="bbox 162 924 1316 3890">
    <p class='ocr_par' dir='ltr' id='par_1_3' title="bbox 162 924 1316 3890">
     <span class='ocr_line' id='line_1_4' title="bbox 162 924 1295 1049; baseline -0.002 -32"><span class='ocrx_word' id='word_1_17' title='bbox 162 924 352 1017; x_wconf 60' lang='lat' dir='ltr'><strong>Surus</strong></span> <span class='ocrx_word' id='word_1_18' title='bbox 371 949 433 1016; x_wconf 88' lang='lat' dir='ltr'><strong>hoc</strong></span> <span class='ocrx_word' id='word_1_19' title='bbox 447 949 549 1016; x_wconf 70' lang='lat' dir='ltr'><strong>seam</strong></span> <span class='ocrx_word' id='word_1_20' title='bbox 562 948 702 1049; x_wconf 64' lang='lat' dir='ltr'><strong>ampula</strong></span> <span class='ocrx_word' id='word_1_21' title='bbox 716 949 757 1014; x_wconf 70' lang='lat' dir='ltr'><strong>ab</strong></span> <span class='ocrx_word' id='word_1_22' title='bbox 771 947 835 1013; x_wconf 72' lang='lat' dir='ltr'><strong>uns</strong></span> <span class='ocrx_word' id='word_1_23' title='bbox 854 947 937 1032; x_wconf 69' lang='lat' dir='ltr'><strong>June</strong></span> <span class='ocrx_word' id='word_1_24' title='bbox 951 947 1063 1034; x_wconf 49' lang='lat' dir='ltr'><strong>aare</strong></span> <span class='ocrx_word' id='word_1_25' title='bbox 1077 948 1295 1033; x_wconf 67' lang='lat' dir='ltr'>quaerebatur:</span> 
     </span>
     <span class='ocr_line' id='line_1_5' title="bbox 163 1035 1294 1122; baseline -0.002 -20"><span class='ocrx_word' id='word_1_26' title='bbox 163 1038 208 1116; x_wconf 84' lang='lat' dir='ltr'><strong>Si,</strong></span> <span class='ocrx_word' id='word_1_27' title='bbox 222 1037 257 1101; x_wconf 94' lang='lat' dir='ltr'><strong>in</strong></span> <span class='ocrx_word' id='word_1_28' title='bbox 272 1058 349 1102; x_wconf 84' lang='lat' dir='ltr'><strong>casu</strong></span> <span class='ocrx_word' id='word_1_29' title='bbox 362 1037 398 1102; x_wconf 87' lang='lat' dir='ltr'><strong>in</strong></span> <span class='ocrx_word' id='word_1_30' title='bbox 408 1057 472 1122; x_wconf 91' lang='lat' dir='ltr'><strong>quo</strong></span> <span class='ocrx_word' id='word_1_31' title='bbox 487 1042 564 1101; x_wconf 88' lang='lat' dir='ltr'><strong>sunt</strong></span> <span class='ocrx_word' id='word_1_32' title='bbox 573 1036 630 1100; x_wconf 88' lang='lat' dir='ltr'><strong>istr</strong></span> <span class='ocrx_word' id='word_1_33' title='bbox 643 1041 789 1120; x_wconf 85' lang='lat' dir='ltr'><strong>patentes</strong></span> <span class='ocrx_word' id='word_1_34' title='bbox 800 1055 934 1119; x_wconf 87' lang='lat' dir='ltr'><strong>regnum</strong></span> <span class='ocrx_word' id='word_1_35' title='bbox 944 1035 1063 1100; x_wconf 82' lang='lat' dir='ltr'><strong>Scociae</strong></span> <span class='ocrx_word' id='word_1_36' title='bbox 1077 1035 1294 1120; x_wconf 73' lang='lat' dir='ltr'><strong>sepedictum,</strong></span> 
     </span>
     <span class='ocr_line' id='line_1_6' title="bbox 162 1121 1294 1208; baseline 0 -20"><span class='ocrx_word' id='word_1_37' title='bbox 162 1145 229 1190; x_wconf 89' lang='lat' dir='ltr'><strong>non</strong></span> <span class='ocrx_word' id='word_1_38' title='bbox 250 1125 294 1189; x_wconf 92' lang='lat' dir='ltr'><strong>sit</strong></span> <span class='ocrx_word' id='word_1_39' title='bbox 306 1125 461 1189; x_wconf 85' lang='lat' dir='ltr'><strong>hactenus</strong></span> <span class='ocrx_word' id='word_1_40' title='bbox 475 1128 607 1208; x_wconf 87' lang='lat' dir='ltr'><strong>optenta</strong></span> <span class='ocrx_word' id='word_1_41' title='bbox 621 1121 730 1206; x_wconf 83' lang='lat' dir='ltr'><strong>aliqua</strong></span> <span class='ocrx_word' id='word_1_42' title='bbox 744 1121 1102 1206; x_wconf 69' lang='lat' dir='ltr'><strong>consuetudine-quia</strong></span> <span class='ocrx_word' id='word_1_43' title='bbox 1117 1142 1209 1187; x_wconf 86' lang='lat' dir='ltr'><strong>cesus</strong></span> <span class='ocrx_word' id='word_1_44' title='bbox 1222 1122 1294 1200; x_wconf 88' lang='lat' dir='ltr'><strong>ists,</strong></span> 
     </span>
     <span class='ocr_line' id='line_1_7' title="bbox 162 1207 1294 1294; baseline -0.002 -18"><span class='ocrx_word' id='word_1_45' title='bbox 162 1211 216 1276; x_wconf 85' lang='lat' dir='ltr'><strong>vel</strong></span> <span class='ocrx_word' id='word_1_46' title='bbox 230 1211 427 1294; x_wconf 76' lang='lat' dir='ltr'><strong>similisque</strong></span> <span class='ocrx_word' id='word_1_47' title='bbox 441 1209 482 1275; x_wconf 87' lang='lat' dir='ltr'><strong>sd</strong></span> <span class='ocrx_word' id='word_1_48' title='bbox 497 1209 728 1274; x_wconf 73' lang='lat' dir='ltr'><strong>successionem</strong></span> <span class='ocrx_word' id='word_1_49' title='bbox 737 1208 827 1294; x_wconf 79' lang='lat' dir='ltr'><strong>regni</strong></span> <span class='ocrx_word' id='word_1_50' title='bbox 841 1209 967 1286; x_wconf 87' lang='lat' dir='ltr'><strong>Scociae,</strong></span> <span class='ocrx_word' id='word_1_51' title='bbox 978 1215 1054 1274; x_wconf 88' lang='lat' dir='ltr'><strong>ante</strong></span> <span class='ocrx_word' id='word_1_52' title='bbox 1068 1207 1136 1273; x_wconf 72' lang='lat' dir='ltr'><strong>hcc</strong></span> <span class='ocrx_word' id='word_1_53' title='bbox 1149 1216 1294 1294; x_wconf 84' lang='lat' dir='ltr'><strong>tempora</strong></span> 
     </span>
     <span class='ocr_line' id='line_1_8' title="bbox 163 1294 1294 1380; baseline -0.001 -19"><span class='ocrx_word' id='word_1_54' title='bbox 163 1317 229 1362; x_wconf 92' lang='lat' dir='ltr'><strong>non</strong></span> <span class='ocrx_word' id='word_1_55' title='bbox 250 1298 387 1374; x_wconf 86' lang='lat' dir='ltr'><strong>emersit,</strong></span> <span class='ocrx_word' id='word_1_56' title='bbox 400 1296 478 1362; x_wconf 88' lang='lat' dir='ltr'><strong>licet</strong></span> <span class='ocrx_word' id='word_1_57' title='bbox 498 1295 580 1360; x_wconf 83' lang='lat' dir='ltr'><strong>forte</strong></span> <span class='ocrx_word' id='word_1_58' title='bbox 594 1314 658 1379; x_wconf 91' lang='lat' dir='ltr'><strong>quo</strong></span> <span class='ocrx_word' id='word_1_59' title='bbox 673 1294 714 1360; x_wconf 85' lang='lat' dir='ltr'><strong>ad</strong></span> <span class='ocrx_word' id='word_1_60' title='bbox 733 1295 878 1360; x_wconf 85' lang='lat' dir='ltr'><strong>subditos</strong></span> <span class='ocrx_word' id='word_1_61' title='bbox 899 1295 1043 1379; x_wconf 85' lang='lat' dir='ltr'><strong>ejusdcm</strong></span> <span class='ocrx_word' id='word_1_62' title='bbox 1056 1294 1155 1378; x_wconf 86' lang='lat' dir='ltr'><strong>regni,</strong></span> <span class='ocrx_word' id='word_1_63' title='bbox 1169 1295 1294 1380; x_wconf 88' lang='lat' dir='ltr'><strong>utpota¹</strong></span> 
     </span>
     <span class='ocr_line' id='line_1_9' title="bbox 163 1381 1295 1466; baseline -0.003 -17"><span class='ocrx_word' id='word_1_64' title='bbox 163 1385 304 1462; x_wconf 83' lang='lat' dir='ltr'><strong>comites,</strong></span> <span class='ocrx_word' id='word_1_65' title='bbox 322 1384 456 1448; x_wconf 89' lang='lat' dir='ltr'><strong>barones</strong></span> <span class='ocrx_word' id='word_1_66' title='bbox 470 1389 505 1448; x_wconf 90' lang='lat' dir='ltr'><strong>et</strong></span> <span class='ocrx_word' id='word_1_67' title='bbox 518 1381 606 1460; x_wconf 81' lang='lat' dir='ltr'><strong>ulios,</strong></span> <span class='ocrx_word' id='word_1_68' title='bbox 621 1381 736 1466; x_wconf 86' lang='lat' dir='ltr'><strong>saepius</strong></span> <span class='ocrx_word' id='word_1_69' title='bbox 751 1381 868 1446; x_wconf 87' lang='lat' dir='ltr'><strong>accidit</strong></span> <span class='ocrx_word' id='word_1_70' title='bbox 881 1381 957 1446; x_wconf 86' lang='lat' dir='ltr'><strong>talis</strong></span> <span class='ocrx_word' id='word_1_71' title='bbox 972 1381 1295 1466; x_wconf 84' lang='lat' dir='ltr'><strong>casus‚-nuncquid¹</strong></span> 
     </span>
     <span class='ocr_line' id='line_1_10' title="bbox 163 1465 1295 1555; baseline -0.003 -19"><span class='ocrx_word' id='word_1_72' title='bbox 163 1471 339 1536; x_wconf 77' lang='lat' dir='ltr'><strong>secundm</strong></span> <span class='ocrx_word' id='word_1_73' title='bbox 361 1475 525 1555; x_wconf 79' lang='lat' dir='ltr'><strong>optentum</strong></span> <span class='ocrx_word' id='word_1_74' title='bbox 542 1468 577 1533; x_wconf 93' lang='lat' dir='ltr'><strong>in</strong></span> <span class='ocrx_word' id='word_1_75' title='bbox 597 1465 822 1546; x_wconf 79' lang='lat' dir='ltr'><strong>comitatibus,¹</strong></span> <span class='ocrx_word' id='word_1_76' title='bbox 835 1468 985 1545; x_wconf 69' lang='lat' dir='ltr'><strong>beronis*</strong></span> <span class='ocrx_word' id='word_1_77' title='bbox 999 1474 1032 1534; x_wconf 88' lang='lat' dir='ltr'><strong>et</strong></span> <span class='ocrx_word' id='word_1_78' title='bbox 1046 1467 1118 1533; x_wconf 81' lang='lat' dir='ltr'><strong>aliis</strong></span> <span class='ocrx_word' id='word_1_79' title='bbox 1139 1469 1295 1534; x_wconf 83' lang='lat' dir='ltr'><strong>heredita-</strong></span> 
     </span>
     <span class='ocr_line' id='line_1_11' title="bbox 163 1554 1294 1641; baseline 0 -19"><span class='ocrx_word' id='word_1_80' title='bbox 163 1557 251 1622; x_wconf 90' lang='lat' dir='ltr'><strong>tibus</strong></span> <span class='ocrx_word' id='word_1_81' title='bbox 272 1557 352 1622; x_wconf 90' lang='lat' dir='ltr'><strong>dicti</strong></span> <span class='ocrx_word' id='word_1_82' title='bbox 371 1557 461 1641; x_wconf 83' lang='lat' dir='ltr'><strong>regni</strong></span> <span class='ocrx_word' id='word_1_83' title='bbox 480 1554 691 1641; x_wconf 86' lang='lat' dir='ltr'><strong>judicandum</strong></span> <span class='ocrx_word' id='word_1_84' title='bbox 716 1554 778 1620; x_wconf 89' lang='lat' dir='ltr'><strong>erit</strong></span> <span class='ocrx_word' id='word_1_85' title='bbox 800 1554 840 1620; x_wconf 92' lang='lat' dir='ltr'><strong>de</strong></span> <span class='ocrx_word' id='word_1_86' title='bbox 862 1555 1060 1620; x_wconf 82' lang='lat' dir='ltr'><strong>successione</strong></span> <span class='ocrx_word' id='word_1_87' title='bbox 1082 1554 1161 1620; x_wconf 90' lang='lat' dir='ltr'><strong>dicti</strong></span> <span class='ocrx_word' id='word_1_88' title='bbox 1181 1555 1294 1640; x_wconf 80' lang='lat' dir='ltr'><strong>rcgnit</strong></span> 
     </span>
     <span class='ocr_line' id='line_1_12' title="bbox 163 1641 1295 1727; baseline -0.002 -19"><span class='ocrx_word' id='word_1_89' title='bbox 163 1643 288 1709; x_wconf 89' lang='lat' dir='ltr'><strong>Dicunt</strong></span> <span class='ocrx_word' id='word_1_90' title='bbox 303 1642 403 1709; x_wconf 84' lang='lat' dir='ltr'><strong>anim⁶</strong></span> <span class='ocrx_word' id='word_1_91' title='bbox 413 1643 495 1727; x_wconf 86' lang='lat' dir='ltr'><strong>juris</strong></span> <span class='ocrx_word' id='word_1_92' title='bbox 510 1642 607 1726; x_wconf 89' lang='lat' dir='ltr'><strong>periti</strong></span> <span class='ocrx_word' id='word_1_93' title='bbox 614 1641 701 1726; x_wconf 89' lang='lat' dir='ltr'><strong>quod</strong></span> <span class='ocrx_word' id='word_1_94' title='bbox 715 1662 789 1718; x_wconf 89' lang='lat' dir='ltr'><strong>non,</strong></span> <span class='ocrx_word' id='word_1_95' title='bbox 800 1641 885 1726; x_wconf 88' lang='lat' dir='ltr'><strong>quis,</strong></span> <span class='ocrx_word' id='word_1_96' title='bbox 899 1641 1075 1706; x_wconf 88' lang='lat' dir='ltr'><strong>secundum</strong></span> <span class='ocrx_word' id='word_1_97' title='bbox 1090 1662 1199 1707; x_wconf 90' lang='lat' dir='ltr'><strong>casum</strong></span> <span class='ocrx_word' id='word_1_98' title='bbox 1213 1642 1295 1726; x_wconf 90' lang='lat' dir='ltr'><strong>posi-</strong></span> 
     </span>
     <span class='ocr_line' id='line_1_13' title="bbox 164 1728 1295 1814; baseline -0.001 -19"><span class='ocrx_word' id='word_1_99' title='bbox 164 1737 235 1795; x_wconf 91' lang='lat' dir='ltr'><strong>tum</strong></span> <span class='ocrx_word' id='word_1_100' title='bbox 256 1731 297 1796; x_wconf 86' lang='lat' dir='ltr'><strong>ab</strong></span> <span class='ocrx_word' id='word_1_101' title='bbox 311 1728 489 1814; x_wconf 80' lang='lat' dir='ltr'><strong>Anglorum</strong></span> <span class='ocrx_word' id='word_1_102' title='bbox 509 1749 591 1814; x_wconf 81' lang='lat' dir='ltr'><strong>rega,</strong></span> <span class='ocrx_word' id='word_1_103' title='bbox 604 1749 738 1814; x_wconf 82' lang='lat' dir='ltr'><strong>regnum</strong></span> <span class='ocrx_word' id='word_1_104' title='bbox 760 1728 878 1794; x_wconf 84' lang='lat' dir='ltr'><strong>Scociae</strong></span> <span class='ocrx_word' id='word_1_105' title='bbox 899 1734 1027 1793; x_wconf 84' lang='lat' dir='ltr'><strong>tenatur</strong></span> <span class='ocrx_word' id='word_1_106' title='bbox 1043 1729 1079 1793; x_wconf 89' lang='lat' dir='ltr'><strong>in</strong></span> <span class='ocrx_word' id='word_1_107' title='bbox 1100 1728 1242 1794; x_wconf 80' lang='lat' dir='ltr'><strong>leodum⁶</strong></span> <span class='ocrx_word' id='word_1_108' title='bbox 1254 1729 1295 1794; x_wconf 91' lang='lat' dir='ltr'><strong>ds</strong></span> 
     </span>
     <span class='ocr_line' id='line_1_14' title="bbox 163 1814 1316 1903; baseline 0 -23"><span class='ocrx_word' id='word_1_109' title='bbox 163 1837 259 1903; x_wconf 86' lang='lat' dir='ltr'><strong>regno</strong></span> <span class='ocrx_word' id='word_1_110' title='bbox 273 1817 408 1902; x_wconf 75' lang='lat' dir='ltr'><strong>Angliae,</strong></span> <span class='ocrx_word' id='word_1_111' title='bbox 422 1815 508 1901; x_wconf 88' lang='lat' dir='ltr'><strong>quod</strong></span> <span class='ocrx_word' id='word_1_112' title='bbox 522 1823 572 1881; x_wconf 87' lang='lat' dir='ltr'><strong>est</strong></span> <span class='ocrx_word' id='word_1_113' title='bbox 585 1814 813 1894; x_wconf 70' lang='lat' dir='ltr'><strong>falsissimum</strong></span> <span class='ocrx_word' id='word_1_114' title='bbox 833 1815 920 1901; x_wconf 90' lang='lat' dir='ltr'><strong>quod</strong></span> <span class='ocrx_word' id='word_1_115' title='bbox 934 1815 962 1880; x_wconf 90' lang='lat' dir='ltr'><strong>si</strong></span> <span class='ocrx_word' id='word_1_116' title='bbox 977 1815 1023 1880; x_wconf 90' lang='lat' dir='ltr'><strong>sic</strong></span> <span class='ocrx_word' id='word_1_117' title='bbox 1044 1822 1136 1893; x_wconf 87' lang='lat' dir='ltr'><strong>esset,</strong></span> <span class='ocrx_word' id='word_1_118' title='bbox 1149 1821 1295 1900; x_wconf 89' lang='lat' dir='ltr'><strong>petentes</strong></span> <span class='ocrx_word' id='word_1_119' title='bbox 1311 1817 1316 1830; x_wconf 90' lang='lat'>&#39;</span> 
     </span>
     <span class='ocr_line' id='line_1_15' title="bbox 163 1900 1295 1988; baseline -0.002 -20"><span class='ocrx_word' id='word_1_120' title='bbox 163 1923 298 1988; x_wconf 86' lang='lat' dir='ltr'><strong>ragnum</strong></span> <span class='ocrx_word' id='word_1_121' title='bbox 319 1903 437 1968; x_wconf 88' lang='lat' dir='ltr'><strong>Scociss</strong></span> <span class='ocrx_word' id='word_1_122' title='bbox 457 1908 574 1988; x_wconf 81' lang='lat' dir='ltr'><strong>petumt</strong></span> <span class='ocrx_word' id='word_1_123' title='bbox 593 1901 677 1966; x_wconf 92' lang='lat' dir='ltr'><strong>illud</strong></span> <span class='ocrx_word' id='word_1_124' title='bbox 699 1902 735 1966; x_wconf 92' lang='lat' dir='ltr'><strong>in</strong></span> <span class='ocrx_word' id='word_1_125' title='bbox 758 1902 845 1966; x_wconf 86' lang='lat' dir='ltr'><strong>curis</strong></span> <span class='ocrx_word' id='word_1_126' title='bbox 868 1900 950 1986; x_wconf 78' lang='lat' dir='ltr'><strong>regis</strong></span> <span class='ocrx_word' id='word_1_127' title='bbox 971 1901 1105 1985; x_wconf 81' lang='lat' dir='ltr'><strong>Angliae‚</strong></span> <span class='ocrx_word' id='word_1_128' title='bbox 1120 1908 1154 1967; x_wconf 90' lang='lat' dir='ltr'><strong>et</strong></span> <span class='ocrx_word' id='word_1_129' title='bbox 1174 1923 1240 1967; x_wconf 91' lang='lat' dir='ltr'><strong>non</strong></span> <span class='ocrx_word' id='word_1_130' title='bbox 1259 1903 1295 1966; x_wconf 91' lang='lat' dir='ltr'><strong>in</strong></span> 
     </span>
     <span class='ocr_line' id='line_1_16' title="bbox 164 1985 1296 2076; baseline -0.003 -21"><span class='ocrx_word' id='word_1_131' title='bbox 164 1991 253 2055; x_wconf 82' lang='lat' dir='ltr'><strong>curia</strong></span> <span class='ocrx_word' id='word_1_132' title='bbox 265 1990 348 2076; x_wconf 77' lang='lat' dir='ltr'><strong>regis</strong></span> <span class='ocrx_word' id='word_1_133' title='bbox 363 1989 501 2055; x_wconf 81' lang='lat' dir='ltr'><strong>Scociae:</strong></span> <span class='ocrx_word' id='word_1_134' title='bbox 521 1995 556 2054; x_wconf 85' lang='lat' dir='ltr'><strong>et</strong></span> <span class='ocrx_word' id='word_1_135' title='bbox 565 1995 645 2053; x_wconf 89' lang='lat' dir='ltr'><strong>tunc</strong></span> <span class='ocrx_word' id='word_1_136' title='bbox 658 1987 704 2068; x_wconf 91' lang='lat' dir='ltr'><strong>fit,</strong></span> <span class='ocrx_word' id='word_1_137' title='bbox 721 1985 909 2053; x_wconf 83' lang='lat' dir='ltr'><strong>secundum¹</strong></span> <span class='ocrx_word' id='word_1_138' title='bbox 924 1989 1186 2054; x_wconf 87' lang='lat' dir='ltr'><strong>consuetudinem</strong></span> <span class='ocrx_word' id='word_1_139' title='bbox 1200 1989 1296 2054; x_wconf 81' lang='lat' dir='ltr'><strong>curiae</strong></span> 
     </span>
     <span class='ocr_line' id='line_1_17' title="bbox 164 2073 1295 2162; baseline -0.003 -20"><span class='ocrx_word' id='word_1_140' title='bbox 164 2077 246 2162; x_wconf 84' lang='lat' dir='ltr'><strong>regis</strong></span> <span class='ocrx_word' id='word_1_141' title='bbox 254 2075 391 2161; x_wconf 65' lang='lat' dir='ltr'><strong>Angliue</strong></span> <span class='ocrx_word' id='word_1_142' title='bbox 427 2075 490 2139; x_wconf 80' lang='lat' dir='ltr'><strong>uae⁸</strong></span> <span class='ocrx_word' id='word_1_143' title='bbox 500 2075 535 2139; x_wconf 91' lang='lat' dir='ltr'><strong>in</strong></span> <span class='ocrx_word' id='word_1_144' title='bbox 544 2075 690 2159; x_wconf 84' lang='lat' dir='ltr'><strong>portibus</strong></span> <span class='ocrx_word' id='word_1_145' title='bbox 700 2074 789 2139; x_wconf 89' lang='lat' dir='ltr'><strong>illius</strong></span> <span class='ocrx_word' id='word_1_146' title='bbox 799 2074 895 2138; x_wconf 82' lang='lat' dir='ltr'><strong>curiae</strong></span> <span class='ocrx_word' id='word_1_147' title='bbox 908 2073 1015 2139; x_wconf 91' lang='lat' dir='ltr'><strong>locum</strong></span> <span class='ocrx_word' id='word_1_148' title='bbox 1025 2074 1179 2152; x_wconf 79' lang='lat' dir='ltr'><strong>haberet,¹</strong></span> <span class='ocrx_word' id='word_1_149' title='bbox 1187 2075 1223 2138; x_wconf 91' lang='lat' dir='ltr'><strong>in</strong></span> <span class='ocrx_word' id='word_1_150' title='bbox 1234 2074 1295 2139; x_wconf 92' lang='lat' dir='ltr'><strong>hoc</strong></span> 
     </span>
     <span class='ocr_line' id='line_1_18' title="bbox 164 2097 1295 2246; baseline -0.004 -18"><span class='ocrx_word' id='word_1_151' title='bbox 164 2183 241 2228; x_wconf 88' lang='lat' dir='ltr'><strong>casu</strong></span> <span class='ocrx_word' id='word_1_152' title='bbox 259 2162 397 2246; x_wconf 82' lang='lat' dir='ltr'><strong>judicari</strong></span> <span class='ocrx_word' id='word_1_153' title='bbox 405 2097 513 2227; x_wconf 72' lang='lat' dir='ltr'><strong>debet</strong></span> <span class='ocrx_word' id='word_1_154' title='bbox 556 2161 600 2226; x_wconf 87' lang='lat' dir='ltr'><strong>Et</strong></span> <span class='ocrx_word' id='word_1_155' title='bbox 613 2159 791 2226; x_wconf 87' lang='lat' dir='ltr'><strong>notandum</strong></span> <span class='ocrx_word' id='word_1_156' title='bbox 805 2169 854 2225; x_wconf 90' lang='lat' dir='ltr'><strong>est</strong></span> <span class='ocrx_word' id='word_1_157' title='bbox 867 2160 904 2223; x_wconf 91' lang='lat' dir='ltr'><strong>in</strong></span> <span class='ocrx_word' id='word_1_158' title='bbox 917 2158 978 2224; x_wconf 90' lang='lat' dir='ltr'><strong>hoc</strong></span> <span class='ocrx_word' id='word_1_159' title='bbox 992 2157 1097 2224; x_wconf 87' lang='lat' dir='ltr'><strong>cssu¹⁰</strong></span> <span class='ocrx_word' id='word_1_160' title='bbox 1111 2181 1203 2225; x_wconf 85' lang='lat' dir='ltr'><strong>exem</strong></span> <span class='ocrx_word' id='word_1_161' title='bbox 1226 2159 1295 2224; x_wconf 91' lang='lat' dir='ltr'><strong>lum</strong></span> 
     </span>
     <span class='ocr_line' id='line_1_19' title="bbox 164 2245 1295 2332; baseline -0.004 -18"><span class='ocrx_word' id='word_1_162' title='bbox 164 2248 306 2314; x_wconf 88' lang='lat' dir='ltr'><strong>notabile</strong></span> <span class='ocrx_word' id='word_1_163' title='bbox 331 2248 371 2313; x_wconf 90' lang='lat' dir='ltr'><strong>de</strong></span> <span class='ocrx_word' id='word_1_164' title='bbox 398 2247 480 2313; x_wconf 91' lang='lat' dir='ltr'><strong>duce</strong></span> <span class='ocrx_word' id='word_1_165' title='bbox 506 2246 720 2332; x_wconf 82' lang='lat' dir='ltr'><strong>Burgundios:</strong></span> <span class='ocrx_word' id='word_1_166' title='bbox 749 2247 828 2312; x_wconf 85' lang='lat' dir='ltr'><strong>Dux</strong></span> <span class='ocrx_word' id='word_1_167' title='bbox 857 2245 944 2310; x_wconf 90' lang='lat' dir='ltr'><strong>enim</strong></span> <span class='ocrx_word' id='word_1_168' title='bbox 969 2245 1163 2330; x_wconf 85' lang='lat' dir='ltr'><strong>Burgundisa</strong></span> <span class='ocrx_word' id='word_1_169' title='bbox 1230 2247 1295 2310; x_wconf 89' lang='lat' dir='ltr'><strong>&#39;um</strong></span> 
     </span>
     <span class='ocr_line' id='line_1_20' title="bbox 164 2331 1296 2420; baseline -0.002 -21"><span class='ocrx_word' id='word_1_170' title='bbox 164 2333 279 2401; x_wconf 89' lang='lat' dir='ltr'><strong>habuit</strong></span> <span class='ocrx_word' id='word_1_171' title='bbox 289 2334 544 2420; x_wconf 87' lang='lat' dir='ltr'><strong>primogenitum,</strong></span> <span class='ocrx_word' id='word_1_172' title='bbox 554 2333 612 2418; x_wconf 89' lang='lat' dir='ltr'><strong>qui</strong></span> <span class='ocrx_word' id='word_1_173' title='bbox 623 2354 663 2399; x_wconf 88' lang='lat' dir='ltr'><strong>cx</strong></span> <span class='ocrx_word' id='word_1_174' title='bbox 674 2353 773 2398; x_wconf 86' lang='lat' dir='ltr'><strong>uxore</strong></span> <span class='ocrx_word' id='word_1_175' title='bbox 783 2332 927 2418; x_wconf 83' lang='lat' dir='ltr'><strong>legitima</strong></span> <span class='ocrx_word' id='word_1_176' title='bbox 937 2338 1002 2397; x_wconf 90' lang='lat' dir='ltr'><strong>tres</strong></span> <span class='ocrx_word' id='word_1_177' title='bbox 1013 2331 1095 2396; x_wconf 84' lang='lat' dir='ltr'><strong>filias</strong></span> <span class='ocrx_word' id='word_1_178' title='bbox 1107 2338 1296 2418; x_wconf 79' lang='lat' dir='ltr'><strong>susceperat,</strong></span> 
     </span>
     <span class='ocr_line' id='line_1_21' title="bbox 164 2418 1296 2506; baseline -0.002 -20"><span class='ocrx_word' id='word_1_179' title='bbox 164 2442 301 2506; x_wconf 84' lang='lat' dir='ltr'><strong>querum</strong></span> <span class='ocrx_word' id='word_1_180' title='bbox 314 2421 418 2506; x_wconf 89' lang='lat' dir='ltr'><strong>prima</strong></span> <span class='ocrx_word' id='word_1_181' title='bbox 438 2427 541 2505; x_wconf 87' lang='lat' dir='ltr'><strong>nupta</strong></span> <span class='ocrx_word' id='word_1_182' title='bbox 553 2421 658 2486; x_wconf 85' lang='lat' dir='ltr'><strong>fuerat</strong></span> <span class='ocrx_word' id='word_1_183' title='bbox 671 2419 781 2485; x_wconf 89' lang='lat' dir='ltr'><strong>comiti</strong></span> <span class='ocrx_word' id='word_1_184' title='bbox 794 2419 826 2484; x_wconf 88' lang='lat' dir='ltr'>N</span> <span class='ocrx_word' id='word_1_185' title='bbox 827 2419 995 2485; x_wconf 88' lang='lat' dir='ltr'><strong>ivemensi.</strong></span> <span class='ocrx_word' id='word_1_186' title='bbox 1041 2418 1106 2484; x_wconf 89' lang='lat' dir='ltr'><strong>Hic</strong></span> <span class='ocrx_word' id='word_1_187' title='bbox 1119 2439 1194 2484; x_wconf 82' lang='lat' dir='ltr'><strong>vero</strong></span> <span class='ocrx_word' id='word_1_188' title='bbox 1209 2418 1296 2484; x_wconf 91' lang='lat' dir='ltr'><strong>filius</strong></span> 
     </span>
     <span class='ocr_line' id='line_1_22' title="bbox 164 2505 1296 2610; baseline -0.004 -37"><span class='ocrx_word' id='word_1_189' title='bbox 164 2508 395 2610; x_wconf 68' lang='lat' dir='ltr'><strong>primogenitus</strong></span> <span class='ocrx_word' id='word_1_190' title='bbox 407 2506 553 2608; x_wconf 38' lang='lat' dir='ltr'><strong>&#39;decessit</strong></span> <span class='ocrx_word' id='word_1_191' title='bbox 573 2507 649 2607; x_wconf 64' lang='lat' dir='ltr'><strong>viso</strong></span> <span class='ocrx_word' id='word_1_192' title='bbox 669 2513 777 2591; x_wconf 81' lang='lat' dir='ltr'><strong>patre;</strong></span> <span class='ocrx_word' id='word_1_193' title='bbox 805 2525 869 2606; x_wconf 76' lang='lat' dir='ltr'><strong>quo</strong></span> <span class='ocrx_word' id='word_1_194' title='bbox 892 2505 1051 2604; x_wconf 59' lang='lat' dir='ltr'><strong>defuncto,</strong></span> <span class='ocrx_word' id='word_1_195' title='bbox 1072 2505 1159 2606; x_wconf 65' lang='lat' dir='ltr'><strong>tilius</strong></span> <span class='ocrx_word' id='word_1_196' title='bbox 1177 2505 1296 2589; x_wconf 90' lang='lat' dir='ltr'><strong>junior,</strong></span> 
     </span>
     <span class='ocr_line' id='line_1_23' title="bbox 164 2592 1296 2766; baseline -0.001 -21"><span class='ocrx_word' id='word_1_197' title='bbox 164 2594 433 2766; x_wconf 54' lang='lat' dir='ltr'><strong>tidelm</strong></span> <span class='ocrx_word' id='word_1_198' title='bbox 447 2594 531 2765; x_wconf 57' lang='lat' dir='ltr'><strong>lull</strong></span> <span class='ocrx_word' id='word_1_199' title='bbox 542 2600 641 2746; x_wconf 52' lang='lat' dir='ltr'><strong>llll</strong></span> <span class='ocrx_word' id='word_1_200' title='bbox 655 2592 1296 2764; x_wconf 52' lang='lat' dir='ltr'><strong>diffidampffdffitllffi</strong></span> 
     </span>
     <span class='ocr_line' id='line_1_24' title="bbox 165 2765 1297 2854; baseline -0.001 -21"><span class='ocrx_word' id='word_1_201' title='bbox 165 2767 313 2833; x_wconf 86' lang='lat' dir='ltr'><strong>similiter</strong></span> <span class='ocrx_word' id='word_1_202' title='bbox 320 2768 419 2854; x_wconf 86' lang='lat' dir='ltr'><strong>peciit</strong></span> <span class='ocrx_word' id='word_1_203' title='bbox 432 2767 584 2832; x_wconf 90' lang='lat' dir='ltr'><strong>ducatum</strong></span> <span class='ocrx_word' id='word_1_204' title='bbox 594 2786 651 2851; x_wconf 90' lang='lat' dir='ltr'><strong>pro</strong></span> <span class='ocrx_word' id='word_1_205' title='bbox 661 2772 752 2851; x_wconf 84' lang='lat' dir='ltr'><strong>purte</strong></span> <span class='ocrx_word' id='word_1_206' title='bbox 761 2765 870 2832; x_wconf 82' lang='lat' dir='ltr'><strong>uxoris</strong></span> <span class='ocrx_word' id='word_1_207' title='bbox 881 2785 955 2843; x_wconf 83' lang='lat' dir='ltr'><strong>susc,</strong></span> <span class='ocrx_word' id='word_1_208' title='bbox 966 2785 1108 2830; x_wconf 78' lang='lat' dir='ltr'><strong>asserem</strong></span> <span class='ocrx_word' id='word_1_209' title='bbox 1118 2765 1297 2851; x_wconf 78' lang='lat' dir='ltr'><strong>generalem</strong></span> 
     </span>
     <span class='ocr_line' id='line_1_25' title="bbox 166 2851 1296 2938; baseline -0.004 -18"><span class='ocrx_word' id='word_1_210' title='bbox 166 2875 235 2920; x_wconf 87' lang='lat' dir='ltr'><strong>essa</strong></span> <span class='ocrx_word' id='word_1_211' title='bbox 258 2854 521 2920; x_wconf 72' lang='lat' dir='ltr'><strong>consuetudinem</strong></span> <span class='ocrx_word' id='word_1_212' title='bbox 542 2854 579 2917; x_wconf 93' lang='lat' dir='ltr'><strong>in</strong></span> <span class='ocrx_word' id='word_1_213' title='bbox 599 2874 696 2938; x_wconf 86' lang='lat' dir='ltr'><strong>ragno</strong></span> <span class='ocrx_word' id='word_1_214' title='bbox 715 2853 865 2930; x_wconf 80' lang='lat' dir='ltr'><strong>Francius,</strong></span> <span class='ocrx_word' id='word_1_215' title='bbox 888 2859 921 2918; x_wconf 90' lang='lat' dir='ltr'><strong>st</strong></span> <span class='ocrx_word' id='word_1_216' title='bbox 941 2871 998 2936; x_wconf 88' lang='lat' dir='ltr'><strong>per</strong></span> <span class='ocrx_word' id='word_1_217' title='bbox 1019 2859 1123 2917; x_wconf 87' lang='lat' dir='ltr'><strong>totum</strong></span> <span class='ocrx_word' id='word_1_218' title='bbox 1143 2851 1296 2918; x_wconf 83' lang='lat' dir='ltr'><strong>ducatum</strong></span> 
     </span>
     <span class='ocr_line' id='line_1_26' title="bbox 165 2937 1296 3027; baseline -0.001 -22"><span class='ocrx_word' id='word_1_219' title='bbox 165 2940 366 3027; x_wconf 82' lang='lat' dir='ltr'><strong>Burgundios,</strong></span> <span class='ocrx_word' id='word_1_220' title='bbox 381 2940 475 3026; x_wconf 89' lang='lat' dir='ltr'><strong>quod,</strong></span> <span class='ocrx_word' id='word_1_221' title='bbox 489 2939 643 3026; x_wconf 83' lang='lat' dir='ltr'><strong>quamdin</strong></span> <span class='ocrx_word' id='word_1_222' title='bbox 657 2939 765 3025; x_wconf 87' lang='lat' dir='ltr'><strong>plures</strong></span> <span class='ocrx_word' id='word_1_223' title='bbox 775 2959 816 3005; x_wconf 86' lang='lat' dir='ltr'><strong>ex</strong></span> <span class='ocrx_word' id='word_1_224' title='bbox 830 2937 897 3004; x_wconf 88' lang='lat' dir='ltr'><strong>filio</strong></span> <span class='ocrx_word' id='word_1_225' title='bbox 910 2939 1120 3023; x_wconf 83' lang='lat' dir='ltr'><strong>primogenito</strong></span> <span class='ocrx_word' id='word_1_226' title='bbox 1134 2939 1296 3024; x_wconf 71' lang='lat' dir='ltr'><strong>superdue-</strong></span> 
     </span>
     <span class='ocr_line' id='line_1_27' title="bbox 164 3023 1297 3110; baseline -0.001 -19"><span class='ocrx_word' id='word_1_227' title='bbox 164 3028 239 3106; x_wconf 87' lang='lat' dir='ltr'><strong>rint,</strong></span> <span class='ocrx_word' id='word_1_228' title='bbox 252 3027 339 3093; x_wconf 88' lang='lat' dir='ltr'><strong>filius</strong></span> <span class='ocrx_word' id='word_1_229' title='bbox 361 3028 519 3094; x_wconf 86' lang='lat' dir='ltr'><strong>secundus</strong></span> <span class='ocrx_word' id='word_1_230' title='bbox 540 3047 606 3092; x_wconf 91' lang='lat' dir='ltr'><strong>non</strong></span> <span class='ocrx_word' id='word_1_231' title='bbox 620 3023 776 3103; x_wconf 87' lang='lat' dir='ltr'><strong>succedet,</strong></span> <span class='ocrx_word' id='word_1_232' title='bbox 788 3025 866 3091; x_wconf 90' lang='lat' dir='ltr'><strong>licet</strong></span> <span class='ocrx_word' id='word_1_233' title='bbox 878 3025 963 3110; x_wconf 85' lang='lat' dir='ltr'><strong>patri</strong></span> <span class='ocrx_word' id='word_1_234' title='bbox 975 3025 1183 3110; x_wconf 87' lang='lat' dir='ltr'><strong>propinquior</strong></span> <span class='ocrx_word' id='word_1_235' title='bbox 1196 3025 1241 3091; x_wconf 92' lang='lat' dir='ltr'><strong>sit</strong></span> <span class='ocrx_word' id='word_1_236' title='bbox 1261 3025 1297 3090; x_wconf 89' lang='lat' dir='ltr'><strong>in</strong></span> 
     </span>
     <span class='ocr_line' id='line_1_28' title="bbox 166 3111 1297 3198; baseline -0.004 -18"><span class='ocrx_word' id='word_1_237' title='bbox 166 3115 273 3198; x_wconf 78' lang='lat' dir='ltr'><strong>gradu.</strong></span> <span class='ocrx_word' id='word_1_238' title='bbox 317 3114 424 3180; x_wconf 85' lang='lat' dir='ltr'><strong>Pcrs¹¹</strong></span> <span class='ocrx_word' id='word_1_239' title='bbox 438 3134 515 3179; x_wconf 82' lang='lat' dir='ltr'><strong>vero</strong></span> <span class='ocrx_word' id='word_1_240' title='bbox 529 3113 661 3178; x_wconf 82' lang='lat' dir='ltr'><strong>adversa</strong></span> <span class='ocrx_word' id='word_1_241' title='bbox 672 3112 831 3178; x_wconf 81' lang='lat' dir='ltr'><strong>fatebatur</strong></span> <span class='ocrx_word' id='word_1_242' title='bbox 843 3111 935 3176; x_wconf 85' lang='lat' dir='ltr'><strong>illam</strong></span> <span class='ocrx_word' id='word_1_243' title='bbox 949 3131 1018 3177; x_wconf 86' lang='lat' dir='ltr'><strong>csse</strong></span> <span class='ocrx_word' id='word_1_244' title='bbox 1033 3111 1297 3178; x_wconf 88' lang='lat' dir='ltr'><strong>consuetudinem</strong></span> 
     </span>
     <span class='ocr_line' id='line_1_29' title="bbox 165 3197 1297 3284; baseline -0.001 -20"><span class='ocrx_word' id='word_1_245' title='bbox 165 3200 345 3284; x_wconf 76' lang='lat' dir='ltr'><strong>generalem</strong></span> <span class='ocrx_word' id='word_1_246' title='bbox 362 3201 397 3266; x_wconf 91' lang='lat' dir='ltr'><strong>in</strong></span> <span class='ocrx_word' id='word_1_247' title='bbox 418 3199 504 3265; x_wconf 91' lang='lat' dir='ltr'><strong>dicto</strong></span> <span class='ocrx_word' id='word_1_248' title='bbox 526 3199 653 3277; x_wconf 83' lang='lat' dir='ltr'><strong>ducatu,</strong></span> <span class='ocrx_word' id='word_1_249' title='bbox 668 3205 701 3264; x_wconf 89' lang='lat' dir='ltr'><strong>et</strong></span> <span class='ocrx_word' id='word_1_250' title='bbox 722 3198 758 3263; x_wconf 90' lang='lat' dir='ltr'><strong>in</strong></span> <span class='ocrx_word' id='word_1_251' title='bbox 780 3197 869 3263; x_wconf 84' lang='lat' dir='ltr'><strong>curia</strong></span> <span class='ocrx_word' id='word_1_252' title='bbox 882 3197 961 3263; x_wconf 91' lang='lat' dir='ltr'><strong>dicti</strong></span> <span class='ocrx_word' id='word_1_253' title='bbox 975 3197 1075 3276; x_wconf 88' lang='lat' dir='ltr'><strong>ducis,</strong></span> <span class='ocrx_word' id='word_1_254' title='bbox 1089 3219 1152 3283; x_wconf 90' lang='lat' dir='ltr'><strong>quo</strong></span> <span class='ocrx_word' id='word_1_255' title='bbox 1167 3198 1208 3264; x_wconf 87' lang='lat' dir='ltr'><strong>sd</strong></span> <span class='ocrx_word' id='word_1_256' title='bbox 1222 3199 1297 3264; x_wconf 79' lang='lat' dir='ltr'><strong>sub</strong></span> 
     </span>
     <span class='ocr_line' id='line_1_30' title="bbox 165 3285 1295 3372; baseline -0.001 -21"><span class='ocrx_word' id='word_1_257' title='bbox 165 3286 250 3351; x_wconf 86' lang='lat' dir='ltr'><strong>ditos</strong></span> <span class='ocrx_word' id='word_1_258' title='bbox 272 3287 383 3371; x_wconf 88' lang='lat' dir='ltr'><strong>ipsius,</strong></span> <span class='ocrx_word' id='word_1_259' title='bbox 397 3287 455 3372; x_wconf 90' lang='lat' dir='ltr'><strong>qui</strong></span> <span class='ocrx_word' id='word_1_260' title='bbox 467 3286 604 3351; x_wconf 88' lang='lat' dir='ltr'><strong>incuria</strong></span> <span class='ocrx_word' id='word_1_261' title='bbox 626 3306 685 3351; x_wconf 86' lang='lat' dir='ltr'><strong>sua</strong></span> <span class='ocrx_word' id='word_1_262' title='bbox 698 3305 794 3370; x_wconf 88' lang='lat' dir='ltr'><strong>super</strong></span> <span class='ocrx_word' id='word_1_263' title='bbox 808 3304 1009 3370; x_wconf 87' lang='lat' dir='ltr'><strong>quecumque</strong></span> <span class='ocrx_word' id='word_1_264' title='bbox 1025 3285 1223 3351; x_wconf 86' lang='lat' dir='ltr'><strong>successione</strong></span> <span class='ocrx_word' id='word_1_265' title='bbox 1240 3285 1295 3370; x_wconf 87' lang='lat' dir='ltr'><strong>jus</strong></span> 
     </span>
     <span class='ocr_line' id='line_1_31' title="bbox 166 3370 1297 3458; baseline -0.001 -20"><span class='ocrx_word' id='word_1_266' title='bbox 166 3371 287 3438; x_wconf 86' lang='lat' dir='ltr'><strong>hebent</strong></span> <span class='ocrx_word' id='word_1_267' title='bbox 299 3373 446 3458; x_wconf 78' lang='lat' dir='ltr'><strong>recipere</strong></span> <span class='ocrx_word' id='word_1_268' title='bbox 490 3373 554 3438; x_wconf 85' lang='lat' dir='ltr'><strong>Sed</strong></span> <span class='ocrx_word' id='word_1_269' title='bbox 574 3371 635 3438; x_wconf 93' lang='lat' dir='ltr'><strong>hoc</strong></span> <span class='ocrx_word' id='word_1_270' title='bbox 658 3378 816 3457; x_wconf 88' lang='lat' dir='ltr'><strong>quantum</strong></span> <span class='ocrx_word' id='word_1_271' title='bbox 835 3371 878 3436; x_wconf 90' lang='lat' dir='ltr'><strong>ed</strong></span> <span class='ocrx_word' id='word_1_272' title='bbox 899 3370 1015 3435; x_wconf 89' lang='lat' dir='ltr'><strong>ducem</strong></span> <span class='ocrx_word' id='word_1_273' title='bbox 1035 3371 1230 3456; x_wconf 69' lang='lat' dir='ltr'><strong>Burgundisa</strong></span> <span class='ocrx_word' id='word_1_274' title='bbox 1243 3371 1297 3437; x_wconf 89' lang='lat' dir='ltr'><strong>vel</strong></span> 
     </span>
     <span class='ocr_line' id='line_1_32' title="bbox 166 3456 1297 3545; baseline -0.001 -22"><span class='ocrx_word' id='word_1_275' title='bbox 166 3459 320 3524; x_wconf 72' lang='lat' dir='ltr'><strong>ducamm</strong></span> <span class='ocrx_word' id='word_1_276' title='bbox 333 3458 434 3524; x_wconf 88' lang='lat' dir='ltr'><strong>nichil</strong></span> <span class='ocrx_word' id='word_1_277' title='bbox 448 3459 560 3545; x_wconf 80' lang='lat' dir='ltr'><strong>arguit,</strong></span> <span class='ocrx_word' id='word_1_278' title='bbox 574 3459 652 3544; x_wconf 87' lang='lat' dir='ltr'><strong>quis</strong></span> <span class='ocrx_word' id='word_1_279' title='bbox 670 3458 775 3524; x_wconf 90' lang='lat' dir='ltr'><strong>dictus</strong></span> <span class='ocrx_word' id='word_1_280' title='bbox 797 3457 864 3522; x_wconf 83' lang='lat' dir='ltr'><strong>dux</strong></span> <span class='ocrx_word' id='word_1_281' title='bbox 878 3477 944 3521; x_wconf 94' lang='lat' dir='ltr'><strong>non</strong></span> <span class='ocrx_word' id='word_1_282' title='bbox 957 3456 1070 3543; x_wconf 86' lang='lat' dir='ltr'><strong>recipit</strong></span> <span class='ocrx_word' id='word_1_283' title='bbox 1087 3459 1142 3541; x_wconf 87' lang='lat' dir='ltr'><strong>jus</strong></span> <span class='ocrx_word' id='word_1_284' title='bbox 1156 3456 1197 3523; x_wconf 88' lang='lat' dir='ltr'><strong>de</strong></span> <span class='ocrx_word' id='word_1_285' title='bbox 1210 3457 1297 3522; x_wconf 89' lang='lat' dir='ltr'><strong>dicto</strong></span> 
     </span>
     <span class='ocr_line' id='line_1_33' title="bbox 167 3542 1297 3632; baseline 0 -22"><span class='ocrx_word' id='word_1_286' title='bbox 167 3545 287 3612; x_wconf 87' lang='lat' dir='ltr'><strong>ducatu</strong></span> <span class='ocrx_word' id='word_1_287' title='bbox 301 3545 495 3632; x_wconf 72' lang='lat' dir='ltr'><strong>sugendis</strong></span> <span class='ocrx_word' id='word_1_288' title='bbox 515 3546 551 3610; x_wconf 88' lang='lat' dir='ltr'><strong>in</strong></span> <span class='ocrx_word' id='word_1_289' title='bbox 572 3545 660 3610; x_wconf 86' lang='lat' dir='ltr'><strong>curia</strong></span> <span class='ocrx_word' id='word_1_290' title='bbox 673 3543 810 3629; x_wconf 89' lang='lat' dir='ltr'><strong>propria,</strong></span> <span class='ocrx_word' id='word_1_291' title='bbox 824 3543 880 3608; x_wconf 89' lang='lat' dir='ltr'><strong>scd</strong></span> <span class='ocrx_word' id='word_1_292' title='bbox 894 3543 929 3606; x_wconf 93' lang='lat' dir='ltr'><strong>in</strong></span> <span class='ocrx_word' id='word_1_293' title='bbox 944 3542 1032 3608; x_wconf 85' lang='lat' dir='ltr'><strong>curis</strong></span> <span class='ocrx_word' id='word_1_294' title='bbox 1052 3542 1134 3628; x_wconf 83' lang='lat' dir='ltr'><strong>regis</strong></span> <span class='ocrx_word' id='word_1_295' title='bbox 1146 3543 1297 3622; x_wconf 75' lang='lat' dir='ltr'><strong>Flunciss</strong></span> 
     </span>
     <span class='ocr_line' id='line_1_34' title="bbox 167 3629 1296 3718; baseline -0.002 -22"><span class='ocrx_word' id='word_1_296' title='bbox 167 3637 321 3717; x_wconf 83' lang='lat' dir='ltr'><strong>tanquam</strong></span> <span class='ocrx_word' id='word_1_297' title='bbox 345 3653 430 3698; x_wconf 92' lang='lat' dir='ltr'><strong>unus</strong></span> <span class='ocrx_word' id='word_1_298' title='bbox 455 3632 495 3698; x_wconf 88' lang='lat' dir='ltr'><strong>de</strong></span> <span class='ocrx_word' id='word_1_299' title='bbox 522 3631 652 3718; x_wconf 88' lang='lat' dir='ltr'><strong>paribus</strong></span> <span class='ocrx_word' id='word_1_300' title='bbox 680 3631 770 3715; x_wconf 83' lang='lat' dir='ltr'><strong>regni</strong></span> <span class='ocrx_word' id='word_1_301' title='bbox 797 3629 961 3695; x_wconf 73' lang='lat' dir='ltr'><strong>Francius:</strong></span> <span class='ocrx_word' id='word_1_302' title='bbox 997 3629 1091 3708; x_wconf 88' lang='lat' dir='ltr'><strong>unde,</strong></span> <span class='ocrx_word' id='word_1_303' title='bbox 1121 3629 1296 3696; x_wconf 90' lang='lat' dir='ltr'><strong>secundum</strong></span> 
     </span>
     <span class='ocr_line' id='line_1_35' title="bbox 167 3715 1295 3804; baseline -0.001 -21"><span class='ocrx_word' id='word_1_304' title='bbox 167 3718 431 3784; x_wconf 88' lang='lat' dir='ltr'><strong>consuetudinem</strong></span> <span class='ocrx_word' id='word_1_305' title='bbox 461 3719 552 3804; x_wconf 80' lang='lat' dir='ltr'><strong>regni</strong></span> <span class='ocrx_word' id='word_1_306' title='bbox 582 3717 724 3782; x_wconf 79' lang='lat' dir='ltr'><strong>Francius</strong></span> <span class='ocrx_word' id='word_1_307' title='bbox 758 3716 862 3794; x_wconf 86' lang='lat' dir='ltr'><strong>curias,</strong></span> <span class='ocrx_word' id='word_1_308' title='bbox 891 3715 951 3782; x_wconf 85' lang='lat' dir='ltr'><strong>viz.</strong></span> <span class='ocrx_word' id='word_1_309' title='bbox 982 3735 1055 3800; x_wconf 81' lang='lat' dir='ltr'><strong>quse</strong></span> <span class='ocrx_word' id='word_1_310' title='bbox 1085 3716 1120 3781; x_wconf 90' lang='lat' dir='ltr'><strong>in</strong></span> <span class='ocrx_word' id='word_1_311' title='bbox 1150 3717 1295 3802; x_wconf 87' lang='lat' dir='ltr'><strong>partibus</strong></span> 
     </span>
     <span class='ocr_line' id='line_1_36' title="bbox 167 3800 1296 3890; baseline -0.002 -20"><span class='ocrx_word' id='word_1_312' title='bbox 167 3805 257 3890; x_wconf 82' lang='lat' dir='ltr'><strong>regni</strong></span> <span class='ocrx_word' id='word_1_313' title='bbox 278 3805 420 3870; x_wconf 77' lang='lat' dir='ltr'><strong>lbunciae</strong></span> <span class='ocrx_word' id='word_1_314' title='bbox 441 3804 588 3869; x_wconf 81' lang='lat' dir='ltr'><strong>similiter</strong></span> <span class='ocrx_word' id='word_1_315' title='bbox 607 3804 642 3869; x_wconf 89' lang='lat' dir='ltr'><strong>in</strong></span> <span class='ocrx_word' id='word_1_316' title='bbox 663 3803 790 3888; x_wconf 87' lang='lat' dir='ltr'><strong>regibus</strong></span> <span class='ocrx_word' id='word_1_317' title='bbox 809 3800 1027 3881; x_wconf 85' lang='lat' dir='ltr'><strong>observatur,¹¹</strong></span> <span class='ocrx_word' id='word_1_318' title='bbox 1048 3801 1084 3867; x_wconf 90' lang='lat' dir='ltr'><strong>in</strong></span> <span class='ocrx_word' id='word_1_319' title='bbox 1105 3804 1193 3868; x_wconf 84' lang='lat' dir='ltr'><strong>cunis</strong></span> <span class='ocrx_word' id='word_1_320' title='bbox 1213 3803 1296 3888; x_wconf 80' lang='lat' dir='ltr'><strong>regis</strong></span> 
     </span>
    </p>
   </div>
   <div class='ocr_carea' id='block_1_4' title="bbox 204 3987 1295 4537">
    <p class='ocr_par' dir='ltr' id='par_1_4' title="bbox 215 3987 960 4058">
     <span class='ocr_line' id='line_1_37' title="bbox 215 3987 960 4058; baseline -0.007 -14"><span class='ocrx_word' id='word_1_321' title='bbox 215 3988 226 4027; x_wconf 88' lang='lat'>¹</span> <span class='ocrx_word' id='word_1_322' title='bbox 237 3991 268 4044; x_wconf 90' lang='lat' dir='ltr'><strong>B.</strong></span> <span class='ocrx_word' id='word_1_323' title='bbox 284 3991 312 4044; x_wconf 81' lang='lat' dir='ltr'><strong>O.</strong></span> <span class='ocrx_word' id='word_1_324' title='bbox 326 3991 359 4044; x_wconf 90' lang='lat' dir='ltr'><strong>D.</strong></span> <span class='ocrx_word' id='word_1_325' title='bbox 371 3990 402 4043; x_wconf 81' lang='grc' dir='ltr'><strong>Ε.</strong></span> <span class='ocrx_word' id='word_1_326' title='bbox 415 3995 447 4043; x_wconf 83' lang='lat' dir='ltr'><strong>ut</strong></span> <span class='ocrx_word' id='word_1_327' title='bbox 457 3995 529 4058; x_wconf 63' lang='lat' dir='ltr'><strong>puta</strong></span> <span class='ocrx_word' id='word_1_328' title='bbox 753 3987 765 4023; x_wconf 87' lang='lat'>¹</span> <span class='ocrx_word' id='word_1_329' title='bbox 776 3990 809 4042; x_wconf 92' lang='lat' dir='ltr'><strong>D.</strong></span> <span class='ocrx_word' id='word_1_330' title='bbox 824 3987 960 4056; x_wconf 87' lang='lat' dir='ltr'><strong>numquid.</strong></span> 
     </span>
    </p>

    <p class='ocr_par' dir='ltr' id='par_1_5' title="bbox 215 4057 1125 4127">
     <span class='ocr_line' id='line_1_38' title="bbox 215 4057 1125 4127; baseline -0.004 -13"><span class='ocrx_word' id='word_1_331' title='bbox 215 4059 227 4096; x_wconf 87' lang='lat'>¹</span> <span class='ocrx_word' id='word_1_332' title='bbox 241 4062 305 4115; x_wconf 67' lang='lat' dir='ltr'><strong>th</strong></span> <span class='ocrx_word' id='word_1_333' title='bbox 316 4062 383 4114; x_wconf 79' lang='lat' dir='ltr'><strong>adds</strong></span> <span class='ocrx_word' id='word_1_334' title='bbox 394 4061 543 4122; x_wconf 68' lang='lat' dir='ltr'><strong>baronibus.</strong></span> <span class='ocrx_word' id='word_1_335' title='bbox 555 4061 723 4114; x_wconf 79' lang='lat' dir='ltr'><strong>undereoored</strong></span> <span class='ocrx_word' id='word_1_336' title='bbox 734 4061 766 4127; x_wconf 73' lang='lat' dir='ltr'><strong>by</strong></span> <span class='ocrx_word' id='word_1_337' title='bbox 776 4076 846 4112; x_wconf 70' lang='lat' dir='ltr'><strong>more</strong></span> <span class='ocrx_word' id='word_1_338' title='bbox 857 4059 928 4111; x_wconf 74' lang='lat' dir='ltr'><strong>laad</strong></span> <span class='ocrx_word' id='word_1_339' title='bbox 940 4065 965 4110; x_wconf 80' lang='lat' dir='ltr'><strong>to</strong></span> <span class='ocrx_word' id='word_1_340' title='bbox 977 4059 1004 4110; x_wconf 82' lang='lat' dir='ltr'><strong>be</strong></span> <span class='ocrx_word' id='word_1_341' title='bbox 1016 4057 1125 4111; x_wconf 65' lang='lat' dir='ltr'><strong>misitsed</strong></span> 
     </span>
    </p>

    <p class='ocr_par' dir='ltr' id='par_1_6' title="bbox 215 4127 1257 4256">
     <span class='ocr_line' id='line_1_39' title="bbox 215 4127 1257 4185; baseline -0.001 0"><span class='ocrx_word' id='word_1_342' title='bbox 215 4128 268 4185; x_wconf 86' lang='lat' dir='ltr'><strong>¹B.</strong></span> <span class='ocrx_word' id='word_1_343' title='bbox 283 4132 433 4185; x_wconf 79' lang='lat' dir='ltr'><strong>baronibus.</strong></span> <span class='ocrx_word' id='word_1_344' title='bbox 471 4132 499 4184; x_wconf 84' lang='grc'><strong>0.</strong></span> <span class='ocrx_word' id='word_1_345' title='bbox 513 4131 543 4184; x_wconf 76' lang='lat' dir='ltr'><strong>ld.</strong></span> <span class='ocrx_word' id='word_1_346' title='bbox 557 4131 677 4184; x_wconf 74' lang='lat' dir='ltr'><strong>barones.</strong></span> <span class='ocrx_word' id='word_1_347' title='bbox 713 4131 746 4182; x_wconf 89' lang='lat' dir='ltr'><strong>D.</strong></span> <span class='ocrx_word' id='word_1_348' title='bbox 765 4127 871 4182; x_wconf 78' lang='lat' dir='ltr'><strong>baronis</strong></span> <span class='ocrx_word' id='word_1_349' title='bbox 885 4129 982 4182; x_wconf 63' lang='lat' dir='ltr'><strong>acerna</strong></span> <span class='ocrx_word' id='word_1_350' title='bbox 994 4129 1061 4182; x_wconf 78' lang='lat' dir='ltr'><strong>later</strong></span> <span class='ocrx_word' id='word_1_351' title='bbox 1071 4137 1096 4182; x_wconf 80' lang='lat' dir='ltr'><strong>tc</strong></span> <span class='ocrx_word' id='word_1_352' title='bbox 1107 4129 1257 4184; x_wconf 83' lang='lat' dir='ltr'><strong>baronibus.</strong></span> 
     </span>
     <span class='ocr_line' id='line_1_40' title="bbox 215 4198 985 4256; baseline -0.004 0"><span class='ocrx_word' id='word_1_353' title='bbox 215 4199 506 4256; x_wconf 61' lang='lat' dir='ltr'><strong>‘communicet</strong></span> <span class='ocrx_word' id='word_1_354' title='bbox 753 4198 985 4253; x_wconf 82' lang='lat' dir='ltr'><strong>¹0.1t.lundum.</strong></span> 
     </span>
    </p>

    <p class='ocr_par' dir='ltr' id='par_1_7' title="bbox 214 4269 1033 4327">
     <span class='ocr_line' id='line_1_41' title="bbox 214 4269 1033 4327; baseline -0.005 -1"><span class='ocrx_word' id='word_1_355' title='bbox 214 4271 226 4310; x_wconf 84' lang='lat'>¹</span> <span class='ocrx_word' id='word_1_356' title='bbox 238 4273 267 4327; x_wconf 83' lang='lat'><strong>0.</strong></span> <span class='ocrx_word' id='word_1_357' title='bbox 281 4273 310 4325; x_wconf 81' lang='grc' dir='ltr'><strong>Ε.</strong></span> <span class='ocrx_word' id='word_1_358' title='bbox 324 4275 387 4325; x_wconf 80' lang='lat' dir='ltr'><strong>bore</strong></span> <span class='ocrx_word' id='word_1_359' title='bbox 397 4275 462 4324; x_wconf 86' lang='lat' dir='ltr'><strong>tunc</strong></span> <span class='ocrx_word' id='word_1_360' title='bbox 473 4270 618 4324; x_wconf 82' lang='lat' dir='ltr'><strong>secundnm</strong></span> <span class='ocrx_word' id='word_1_361' title='bbox 629 4269 674 4323; x_wconf 82' lang='lat' dir='ltr'><strong>sic.</strong></span> <span class='ocrx_word' id='word_1_362' title='bbox 710 4271 743 4324; x_wconf 89' lang='lat' dir='ltr'><strong>D.</strong></span> <span class='ocrx_word' id='word_1_363' title='bbox 756 4273 822 4323; x_wconf 86' lang='lat' dir='ltr'><strong>tuno</strong></span> <span class='ocrx_word' id='word_1_364' title='bbox 834 4271 870 4323; x_wconf 85' lang='lat' dir='ltr'><strong>sit</strong></span> <span class='ocrx_word' id='word_1_365' title='bbox 881 4269 1033 4324; x_wconf 78' lang='lat' dir='ltr'><strong>secundum.</strong></span> 
     </span>
    </p>

    <p class='ocr_par' dir='ltr' id='par_1_8' title="bbox 204 4336 1295 4537">
     <span class='ocr_line' id='line_1_42' title="bbox 216 4336 1243 4412; baseline -0.003 -16"><span class='ocrx_word' id='word_1_366' title='bbox 216 4342 272 4397; x_wconf 76' lang='lat'>⁸1).</span> <span class='ocrx_word' id='word_1_367' title='bbox 285 4359 343 4412; x_wconf 67' lang='lat' dir='ltr'><strong>qun</strong></span> <span class='ocrx_word' id='word_1_368' title='bbox 354 4343 450 4395; x_wconf 72' lang='lat' dir='ltr'><strong>altered</strong></span> <span class='ocrx_word' id='word_1_369' title='bbox 461 4341 605 4408; x_wconf 69' lang='lat' dir='ltr'><strong>lumsrom</strong></span> <span class='ocrx_word' id='word_1_370' title='bbox 615 4341 693 4409; x_wconf 87' lang='lat' dir='ltr'><strong>quod.</strong></span> <span class='ocrx_word' id='word_1_371' title='bbox 1040 4336 1093 4394; x_wconf 76' lang='lat' dir='ltr'><strong>&#39;R</strong></span> <span class='ocrx_word' id='word_1_372' title='bbox 1108 4338 1243 4393; x_wconf 73' lang='lat' dir='ltr'><strong>heberent</strong></span> 
     </span>
     <span class='ocr_line' id='line_1_43' title="bbox 204 4408 1295 4480; baseline -0.003 -12"><span class='ocrx_word' id='word_1_373' title='bbox 204 4411 227 4448; x_wconf 80' lang='lat'><strong>¹⁰</strong></span> <span class='ocrx_word' id='word_1_374' title='bbox 238 4415 266 4468; x_wconf 79' lang='lat' dir='ltr'><strong>G.</strong></span> <span class='ocrx_word' id='word_1_375' title='bbox 280 4415 310 4468; x_wconf 74' lang='lat' dir='ltr'>R</span> <span class='ocrx_word' id='word_1_376' title='bbox 323 4417 383 4466; x_wconf 72' lang='lat' dir='ltr'><strong>omit</strong></span> <span class='ocrx_word' id='word_1_377' title='bbox 394 4413 612 4480; x_wconf 72' lang='lat' dir='ltr'><strong>judicari-casu.</strong></span> <span class='ocrx_word' id='word_1_378' title='bbox 703 4408 725 4445; x_wconf 87' lang='lat'><strong>¹¹</strong></span> <span class='ocrx_word' id='word_1_379' title='bbox 737 4411 765 4464; x_wconf 84' lang='grc'><strong>0.</strong></span> <span class='ocrx_word' id='word_1_380' title='bbox 778 4411 837 4464; x_wconf 84' lang='lat' dir='ltr'><strong>Pas.</strong></span> <span class='ocrx_word' id='word_1_381' title='bbox 874 4410 906 4466; x_wconf 88' lang='lat' dir='ltr'><strong>D.</strong></span> <span class='ocrx_word' id='word_1_382' title='bbox 921 4411 972 4464; x_wconf 79' lang='lat' dir='ltr'><strong>Par</strong></span> <span class='ocrx_word' id='word_1_383' title='bbox 983 4411 1044 4464; x_wconf 73' lang='lat' dir='ltr'><strong>eut</strong></span> <span class='ocrx_word' id='word_1_384' title='bbox 1055 4426 1069 4462; x_wconf 78' lang='lat' dir='ltr'><strong>s</strong></span> <span class='ocrx_word' id='word_1_385' title='bbox 1080 4411 1212 4463; x_wconf 66' lang='lat' dir='ltr'><strong>immineri</strong></span> <span class='ocrx_word' id='word_1_386' title='bbox 1223 4411 1295 4465; x_wconf 80' lang='lat' dir='ltr'><strong>later.</strong></span> 
     </span>
     <span class='ocr_line' id='line_1_44' title="bbox 204 4481 875 4537; baseline -0.004 0"><span class='ocrx_word' id='word_1_387' title='bbox 204 4482 226 4519; x_wconf 86' lang='lat'><strong>¹²</strong></span> <span class='ocrx_word' id='word_1_388' title='bbox 237 4485 265 4537; x_wconf 80' lang='lat'><strong>0.</strong></span> <span class='ocrx_word' id='word_1_389' title='bbox 279 4484 443 4536; x_wconf 70' lang='lat' dir='ltr'><strong>olusrvscior</strong></span> <span class='ocrx_word' id='word_1_390' title='bbox 454 4481 541 4536; x_wconf 85' lang='lat' dir='ltr'><strong>debat.</strong></span> <span class='ocrx_word' id='word_1_391' title='bbox 579 4483 608 4536; x_wconf 76' lang='lat' dir='ltr'><strong>D.</strong></span> <span class='ocrx_word' id='word_1_392' title='bbox 623 4481 778 4536; x_wconf 79' lang='lat' dir='ltr'><strong>observatur</strong></span> <span class='ocrx_word' id='word_1_393' title='bbox 789 4481 875 4534; x_wconf 76' lang='lat' dir='ltr'><strong>debet</strong></span> 
     </span>
    </p>
   </div>
   <div class='ocr_carea' id='block_1_5' title="bbox 0 0 1652 5122">
    <p class='ocr_par' dir='ltr' id='par_1_9' title="bbox 0 0 1652 5122">
     <span class='ocr_line' id='line_1_45' title="bbox 0 0 1652 5122; baseline 0 0"><span class='ocrx_word' id='word_1_394' title='bbox 0 0 1652 5122; x_wconf 95' lang='lat' dir='ltr'><strong> </strong></span> 
     </span>
    </p>
   </div>
  </div>
 </body>
</html>
