3240 5130
302 375 362 433 344
672 386 766 434 mara
780 383 1046 436 PLUSGARDENSIS.

297 543 439 608 exercitu
454 545 608 608 universo.
654 544 741 622 Quos
763 545 798 608 in
819 542 998 609 continenti
1018 539 1146 626 aggredi
1166 539 1294 606 volebat
1314 540 1420 606 dictus

299 629 460 695 Henrious
486 630 526 694 de
552 630 669 714 Percy3
691 630 746 695 sed
772 630 877 695 dictus
902 649 1007 695 comes
1031 626 1169 694 eundem
1190 627 1368 691 Henricum
1382 627 1422 691 de

297 715 367 781 loco
382 735 440 780 suo
453 736 580 782 movere
594 716 776 800 permittere
789 715 939 794 nolebat,¹
950 715 1006 781 sed
1020 714 1199 799 sagittarios
1213 733 1287 779 suos
1302 712 1423 780 eisdem

296 802 529 869 transmitteret
541 808 669 868 tantum
682 801 900 887 persuadendo
921 801 1091 878 consuluit,
1104 799 1161 885 qui
1174 800 1302 866 eosdem
1315 800 1424 866 taliter

299 888 496 955 molestando
510 895 544 954 et
551 889 749 954 vulnerando
763 893 867 954 tractu
881 884 1072 974 fatigarent,¹
1082 894 1120 952 ut
1130 886 1170 952 de
1183 886 1250 951 levi
1264 886 1422 971 posterius

298 975 426 1040 eosdem
434 975 504 1041 sine
514 975 686 1042 certamine
697 980 860 1060 superatos
871 975 1060 1059 captivaret:
1073 973 1158 1058 quod
1172 973 1220 1037 ita
1233 973 1354 1038 factum
1364 977 1422 1037 est

298 1061 365 1126 Ubi
375 1062 550 1147 Anglorum
560 1063 693 1146 sagitta,
704 1067 859 1146 tanquam
867 1060 1036 1146 gmndinee
1046 1061 1200 1137 volantes,
1210 1060 1329 1124 multoe
1340 1057 1421 1124 ccci-

299 1146 424 1226 demut,
432 1149 551 1214 multos
564 1149 821 1226 vulneraverunt,
831 1147 950 1212 multos
964 1146 1108 1231 captivos
1122 1146 1290 1212 duxerunt
1307 1143 1424 1229 scoci-

298 1234 415 1299 demnt
438 1255 512 1300 vero
535 1235 572 1300 in
596 1231 681 1300 bello
705 1233 872 1300 «Iohannes
897 1232 1046 1298 dominus
1071 1232 1112 1298 de
1138 1233 1160 1298 S
1236 1236 1301 1309 ton,
1315 1230 1423 1296 Adam

298 1320 446 1386 dominus
468 1322 508 1388 de
534 1321 684 1399 Gordon,¹
705 1319 870 1386 Jobannes
892 1319 932 1385 de
953 1318 1159 1404 levingston¹
1202 1339 1220 1383 e
1246 1317 1423 1395 (talendar,¹

297 1407 447 1474 dominus
476 1409 517 1474 de
539 1407 714 1493 Dalwosy,¹
735 1407 896 1474 Walterus
926 1405 1078 1489 Ramsay¹
1104 1403 1144 1470 de
1173 1405 1289 1470 Sancto
1318 1404 1422 1482 Clam,

298 1494 439 1579 Rogerrrs
454 1494 494 1560 de
505 1493 684 1572 Gordoune
695 1493 856 1558 Wetterua
868 1493 950 1558 Soet
995 1491 1090 1576 Capti
1104 1496 1181 1557 sunt
1194 1490 1294 1556 enim¹
1302 1489 1423 1556 ibidem

296 1579 446 1646 dominus
468 1579 665 1645 Murdaobus
687 1579 831 1658 Stewart,
851 1579 1001 1644 dominus
1021 1576 1235 1644 Archibaldus
1256 1597 1361 1643 cornea
1382 1577 1424 1642 de

297 1666 451 1750 Douglae,
472 1666 620 1732 dominus
643 1665 780 1730 Thomas
804 1666 935 1752 [comm]
961 1665 1123 1743 Morariae,
1147 1664 1296 1729 dominus
1317 1683 1422 1730 comes

297 1753 461 1836 Augustae,
485 1773 559 1818 cum
588 1751 699 1817 multis
727 1751 904 1818 minoribus
932 1751 1093 1818 nobilibus
1118 1771 1255 1837 quorum
1282 1771 1347 1816 non
1372 1757 1424 1816 est

296 1857 417 1903 memor
430 1838 576 1924 amplius.
620 1839 736 1904 Dictus
751 1858 825 1903 vero
846 1859 953 1905 comes
967 1839 1007 1904 de
1021 1837 1164 1924 Douglas
1185 1837 1305 1904 ibidem
1318 1857 1423 1902 unum

297 1924 427 1990 oculum
441 1931 474 1991 et
488 1947 590 1991 unum
605 1924 644 1991 de
658 1924 850 2010 genitalibus
865 1926 932 1991 suis
947 1925 1076 1991 amisit.¹¹

336 2168 497 2255 §tumtur
509 2172 546 2241 br
560 2172 747 2242 obsessione
760 2173 860 2342 ασὲτί
874 2174 910 2286 tr
925 2171 1065 2249 muru,
1081 2191 1150 2241 auro
1163 2171 1386 2242 inerme

836 2327 843 2340 .
859 2293 922 2341 xxx.

298 2405 455 2506 POST
478 2435 548 2501 haeo
570 2441 678 2502 autem
700 2435 850 2502 dominus
873 2435 1032 2502 Henricus
1047 2435 1218 2522 Hatspure,
1231 2435 1368 2502 confisus
1384 2435 1424 2501 de

297 2522 432 2587 consilio
456 2521 580 2586 domini
606 2522 740 2608 Georgei
765 2522 806 2588 de
829 2523 974 2600 Dunbar,
987 2528 1105 2608 putans
1130 2543 1164 2588 se
1185 2522 1225 2588 de
1241 2522 1307 2588 levi
1320 2527 1425 2588 totam

296 2608 434 2693 patriam
448 2607 619 2674 Laudoniae
632 2629 735 2694 usque
749 2608 891 2675 edmero
905 2609 1108 2676 Smticanum
1128 2629 1195 2676 suae
1215 2609 1334 2675 dicioni
1348 2609 1424 2674 sub·

293 2696 413 2779 jugare,
428 2714 468 2760 ex
483 2715 521 2760 eo
534 2695 622 2781 quod
630 2695 825 2762 valenoiores
839 2696 1085 2762 ermidoctoree¹¹
1096 2695 1176 2762 aliae
1190 2701 1223 2762 et
1232 2702 1270 2761 ut
1283 2695 1423 2782 premit

297 2781 378 2844 titur
395 2789 574 2864 superasset
598 2782 847 2868 principaliores,
860 2788 929 2848 tam
953 2783 1040 2869 apud
1064 2783 1191 2867 Nesbyt
1214 2803 1312 2866 quam
1336 2783 1424 2868 apud

300 2865 681 2952 flamminea-propter
695 2869 789 2952 quod
803 2868 935 2934 collecta
948 2889 1056 2936 secum
1066 2870 1207 2934 maxima
1215 2869 1424 2934 multitudine

299 2957 500 3030 armatorum,
515 2952 557 3018 ed
570 2953 684 3018 tmrim
698 2954 738 3018 de
753 2954 892 3032 Goldaw,
906 2975 972 3020 una
993 2975 1067 3020 cum
1081 2955 1197 3021 comite
1210 2955 1425 3020 Mambierum

300 3038 418 3104 Scooiae
432 3057 548 3116 secum,
564 3039 762 3105 obsidionem
774 3040 898 3118 misit,¹¹
910 3046 945 3106 et
957 3041 1141 3126 praediotam
1154 3041 1270 3107 turrim
1282 3041 1324 3107 de
1339 3041 1424 3108 Cok-

297 3122 386 3190 law¹⁸
396 3125 520 3190 fortiter
529 3125 733 3211 expugnavit.
777 3126 971 3211 Capitaneus
981 3148 1055 3193 vero
1065 3128 1144 3194 dicti
1157 3127 1228 3207 loci,
1239 3127 1424 3195 Gledstanie

297 3212 436 3289 nomine,
448 3210 589 3296 prudens
613 3213 756 3298 armiger,
771 3212 884 3279 videns
908 3213 1035 3279 nullum
1059 3214 1122 3281 sibi
1146 3234 1331 3280 succursum
1351 3235 1424 3300 pro·

298 3299 450 3376 futurum,
469 3318 542 3363 oum
563 3298 611 3365 eia
632 3299 879 3385 appunctuando
901 3301 1104 3366 concordavit
1124 3307 1159 3367 et
1179 3307 1319 3367 ceatmm
1340 3301 1424 3366 inira

298 3389 421 3450 certum
435 3390 571 3470 tempus,
592 3386 628 3451 in
648 3386 775 3452 defectu
795 3407 973 3465 succursus,
994 3387 1114 3454 endem
1134 3387 1264 3454 reddere
1285 3407 1425 3454 conven-

298 3472 389 3536 cione
405 3471 491 3536 iacta
515 3472 668 3556 promisit
713 3473 802 3540 Infra
826 3474 913 3558 quod
936 3479 1064 3559 tempus
1088 3474 1249 3540 Dominus
1273 3474 1365 3540 fortis
1391 3479 1425 3540 at

297 3563 410 3646 potens
425 3557 460 3622 in
474 3559 595 3642 proelio,
611 3559 667 3644 qui
681 3580 747 3625 non
759 3560 907 3626 irascitur
920 3561 1132 3646 persingulas
1146 3562 1224 3640 dias,
1234 3581 1293 3628 nec
1307 3561 1425 3646 imper-

297 3650 431 3729 petuum
444 3645 675 3722 irascetur‚.sed
689 3646 850 3732 flagellum
864 3647 1036 3713 iracundie
1055 3667 1121 3713 suae
1142 3646 1315 3733 aliquando
1336 3647 1425 3712 miti-

297 3752 385 3815 gans,
399 3731 557 3798 convertit
569 3731 710 3816 &adim
726 3733 904 3819 Anglorum
918 3733 953 3798 in
968 3734 1041 3799 sinu
1062 3755 1180 3812 eorum,
1194 3739 1228 3799 et
1248 3734 1284 3798 in
1304 3734 1425 3799 finibus

297 3818 412 3884 Valliee
426 3817 516 3884 dedit
529 3838 583 3886 eos
597 3819 633 3884 in
646 3838 761 3885 manus
775 3820 916 3901 inimici3
936 3825 970 3885 et
984 3819 1139 3886 dominati
1153 3827 1231 3886 sunt
1244 3841 1354 3888 eorum
1367 3821 1426 3906 qui

342 3999 353 4036 ¹
365 4002 398 4056 D.
410 4019 464 4054 non
476 4001 589 4055 volebat
627 4003 655 4056 G.
669 4003 700 4054 Ε
713 4003 777 4055 hace
788 4003 835 4056 aed
847 4007 884 4056 ut.
1073 4003 1123 4057 'G
1137 4006 1168 4059 E.
1181 4005 1314 4074 agitaret

343 4071 394 4125 ³0.
409 4073 441 4125 Ε.
454 4073 596 4126 Gordorru
702 4070 753 4126 ⁴0.
767 4073 799 4126 D.
813 4074 843 4127 Ε.
856 4073 993 4126 Johauner
1005 4073 1154 4128 Ievioston.

344 4141 356 4177 ¹
369 4141 397 4196 B.
412 4143 550 4196 Kdencaa
1072 4142 1123 4198 ⁸0.
1137 4145 1168 4198 Ε.
1182 4145 1309 4212 Dalwlsy.

343 4211 397 4265 ⁷B.
410 4213 443 4265 D.
459 4213 736 4280 Remeay„Walterua
774 4214 803 4266 C.
817 4214 847 4268 Ε.
862 4213 1035 4280 Rammireuy‚
1048 4213 1189 4270 Walteroa

342 4281 354 4316 ⁸
366 4284 395 4335 Β.
409 4284 499 4335 eciam.
675 4282 687 4319 ⁰
701 4285 729 4336 0.
746 4289 819 4337 emim
831 4285 929 4337 ambit.
977 4284 999 4319 ¹⁰
1012 4285 1039 4336 0.
1054 4285 1083 4337 Ε
1097 4303 1155 4337 curn
1168 4285 1347 4339 incidentibus
1359 4288 1424 4340 ruis.

332 4351 351 4386 ¹¹
364 4354 395 4405 B.
408 4353 603 4408 armiductores.
664 4352 688 4387 ¹²
699 4355 727 4406 Β.
742 4355 838 4407 amisit
1061 4355 1082 4390 ¹¹
1094 4357 1121 4409 0.
1136 4358 1165 4409 Ε.
1179 4361 1240 4410 omit
1251 4357 1285 4410 de
1297 4357 1417 4412 Ooblarr.
