3286 5112
325 459 386 518 246
680 473 773 521 LIBER
787 471 1054 521 Ptuscmmsts

322 634 355 692 et
367 629 506 714 populus
520 629 632 694 multis
650 630 718 714 jam
732 630 825 696 annis
847 629 945 695 nimis
965 628 1102 715 graviter
1120 634 1153 694 et
1172 627 1298 693 horride
1322 623 1449 712 pericliss

321 715 458 794 bebatur,
470 737 537 781 non
550 716 654 781 solum
667 718 703 781 in
716 717 810 782 rebus
824 717 963 783 caducis1
978 722 1010 782 ct
1024 715 1246 800 corporalibus,
1260 714 1448 799 quinymmo

322 822 363 866 cx
373 803 483 866 eodem
492 803 618 868 defectu
628 803 805 868 maximum
816 805 861 869 eis
871 801 1065 868 immineret²
1075 803 1253 867 animarum
1261 801 1447 885 periculum,

322 892 355 952 et
368 887 428 954 hoc
442 889 516 975 plus
530 890 631 956 solito.
675 891 736 954 Pro
745 890 835 954 firma
849 891 935 966 enim
942 891 1077 954 veritate
1091 897 1236 954 tenemus
1251 887 1345 972 quod,
1359 907 1449 952 occa·

321 974 410 1040 sione
431 975 589 1061 praedictos
613 977 934 1062 suggestionisfalsm
957 997 994 1041 ac
1016 975 1200 1041 donacionis
1222 974 1298 1040 inde
1322 979 1447 1050 secuta,

321 1060 506 1146 plusquam
527 1063 760 1148 quinquaginta
772 1063 876 1128 millia
896 1063 1072 1139 hominum,
1086 1084 1106 1128 a
1119 1068 1262 1146 tempore
1283 1081 1347 1145 quo
1364 1061 1449 1125 facta

322 1152 372 1211 est
392 1169 494 1234 usque
515 1150 551 1214 in
572 1171 718 1235 praesens,
733 1150 773 1214 de
793 1148 942 1234 utraque⁸
953 1150 1095 1226 nacione,
1108 1155 1224 1234 praeter
1238 1153 1446 1230 consumptos

321 1233 404 1300 fame
419 1242 452 1301 et
466 1237 598 1301 afflictos
615 1237 747 1301 carceris
769 1235 922 1320 squalore,
936 1236 973 1300 in
993 1235 1098 1320 gladio
1120 1233 1323 1300 ceciderrmt.⁴
1365 1234 1446 1298 Haec

321 1321 407 1386 enim
421 1343 523 1406 pauca
537 1323 576 1388 de
590 1324 827 1408 progenitorum
839 1329 1019 1387 nostrorum
1033 1343 1051 1386 o
1070 1323 1077 1336 '
1102 1323 1109 1336 '
1134 1342 1161 1399 e,
1175 1327 1208 1386 et
1221 1319 1394 1385 miserabili
1411 1319 1447 1382 in
1513 1397 1517 1408 ⁵

320 1427 385 1491 quo
399 1409 561 1474 &manus
574 1409 722 1493 pontifex
735 1415 823 1473 statu
836 1429 894 1475 nos
908 1409 1024 1494 posuit,
1112 1406 1188 1472 ciat⁶
1198 1408 1261 1472 iste
1269 1407 1347 1472 vica
1391 1405 1447 1470 In·

320 1495 657 1646 ttdllfflallt
671 1495 982 1647 narrata
995 1491 1448 1646 taratantara

321 1673 458 1748 quatuor
470 1688 558 1752 reges
568 1603 707 1753 larigna
721 1603 914 1734 succffissores
928 1670 1007 1752 ejus,
1020 1673 1121 1733 metas
1143 1632 1371 1733 οοιιοοεέιίοιιθεο
1385 1665 1446 1729 sibi

320 1752 414 1816 factae
434 1774 491 1838 per
512 1753 634 1818 bullam
655 1754 802 1840 papalem
827 1755 887 1819 sub
908 1756 1002 1819 certis
1024 1754 1174 1832 articulis,
1196 1775 1236 1819 ex
1256 1753 1327 1838 ipsa
1351 1751 1448 1816 bullae

321 1838 401 1904 serie
420 1839 582 1906 evidenter
602 1846 741 1925 apparet,
755 1841 943 1924 simpliciter
964 1847 1041 1906 aunt
1054 1839 1248 1925 transgressi.
1292 1839 1355 1905 Sed
1376 1857 1448 1923 pro-

320 1925 410 1990 misit
431 1926 536 1991 dictus
559 1927 725 2004 Hernicus,
747 1933 842 2012 prout
867 1929 902 1992 in
927 1928 1014 1993 dicta
1037 1927 1127 1992 buflo
1146 1927 1336 2004 continetur,
1361 1924 1448 2008 quod

320 2011 462 2078 ecclcsiae
482 2014 647 2078 Hiberniae
667 2015 820 2080 terminos
842 2013 998 2091 dilataret,
1023 2015 1155 2098 ejusque
1173 2015 1247 2098 jura
1268 2011 1391 2076 illibato
1413 2017 1448 2075 et

319 2097 1336 2272 emsmtasacaalabamaaa
1351 2096 1448 2250 aa

319 2278 417 2356 paret,
440 2294 477 2338 ac
502 2274 542 2339 de
567 2273 702 2358 singulis
727 2273 874 2341 domibus
897 2274 994 2338 unius
1019 2273 1141 2338 denarii
1166 2273 1333 2338 annuatim
1354 2272 1447 2336 beato

320 2357 414 2422 Petro
428 2359 570 2444 apostolo
585 2361 721 2425 solveret
741 2362 936 2446 pensionem
980 2361 1075 2425 Hanc
1089 2359 1247 2443 siquidem
1266 2358 1447 2442 promissio-

319 2464 394 2510 nem
407 2451 476 2510 tam
489 2447 557 2530 ipse
571 2467 668 2531 quam
678 2447 823 2531 predicti
833 2447 884 2512 sui
898 2446 1112 2522 successores,l
1123 2466 1294 2530 eorumque
1308 2443 1448 2508 ministri

318 2531 424 2615 iniqui
438 2539 471 2596 et
484 2533 613 2614 subditi,
626 2533 665 2598 de
674 2535 830 2599 Hibernia
838 2533 966 2619 Anglici
980 2534 1016 2597 in
1029 2533 1120 2598 nullo
1129 2538 1282 2610 tenentes,
1293 2537 1326 2596 et
1339 2552 1359 2596 a
1372 2551 1447 2596 con-

319 2618 471 2683 cessionis
493 2619 594 2684 forme
619 2620 747 2704 penitus
768 2621 959 2698 recedentes,
980 2620 1122 2686 studiose
1144 2627 1178 2684 et
1202 2639 1243 2684 ex
1265 2617 1448 2682 intencione

319 2703 434 2768 horum
455 2707 599 2770 omnium
619 2708 854 2791 praemissorum
875 2706 1062 2791 composita⁸
1082 2705 1188 2792 opere⁹
1201 2705 1446 2790 compleverunt

320 2789 415 2868 Nam,
435 2791 546 2876 primo,
571 2793 710 2858 ecclesie
732 2795 905 2858 terminum
929 2793 966 2858 in
987 2799 1116 2858 tantum
1137 2813 1194 2878 per
1218 2791 1346 2856 eosdem
1371 2795 1447 2855 sunt

319 2876 464 2955 restricti,
486 2878 641 2965 sincepati
664 2887 696 2944 et
721 2879 909 2957 demuncati,
932 2880 1018 2963 quod
1042 2876 1231 2944 nonnullae¹⁰
1252 2875 1447 2942 cathedrales

320 2963 459 3028 ecclesie
473 2965 634 3031 mediatau
645 2972 678 3032 et
688 2967 773 3031 ultra
787 2965 974 3044 terrarum‚¹²
983 2967 1219 3050 possessionum
1233 2963 1447 3041 suarumvie

319 3049 422 3115 lenter
436 3057 512 3116 sunt
526 3053 678 3137 spoliatae,
689 3053 777 3118 omni
791 3053 855 3118 lere
869 3053 1081 3119 ecclesiastica
1090 3053 1237 3118 libertate
1250 3071 1307 3135 per
1321 3049 1446 3116 cosdem

319 3135 450 3202 omnis¹⁸
458 3137 569 3204 solute.
601 3140 832 3205 Perminiatros
841 3139 947 3224 regis¹⁴
957 3137 1291 3224 AngliaeinHibernia
1299 3137 1448 3213 citantur,

320 3231 506 3304 arestantur,
520 3227 691 3311 capiuntur
707 3234 740 3292 et
761 3227 995 3291 incarcerantur
1015 3225 1231 3291 indifferenter
1251 3222 1393 3309 episcopi
1413 3227 1447 3286 et

320 3309 464 3394 praelati3
486 3318 526 3389 et,
537 3333 611 3377 cum
624 3313 808 3398 hujusmodi
819 3313 942 3378 crebrae
957 3319 1113 3398 etgraves
1123 3311 1295 3396 paciuntur
1304 3309 1447 3406 injurias,

319 3402 411 3461 tanto
432 3398 540 3463 servili
560 3401 673 3465 timore
695 3405 771 3465 sunt
785 3399 935 3484 oppressi,
949 3399 1035 3484 quod
1056 3420 1108 3464 eea
1130 3395 1319 3464 sanctitati¹⁵
1333 3401 1447 3462 vestm

320 3483 505 3550 nullatenus
518 3485 638 3551 audent
657 3486 825 3552 intimare:
848 3491 881 3552 et
894 3486 971 3571 quia
984 3486 1047 3571 ipsi
1068 3485 1211 3570 improbe
1224 3480 1400 3559 tacerent,¹⁶
1414 3487 1447 3546 et

320 3590 379 3634 nos
405 3571 552 3638 similiter
576 3581 679 3638 tacere
702 3573 931 3638 volumuc1⁷in
956 3573 1016 3638 hac
1040 3577 1138 3657 parte
1181 3571 1266 3636 Item
1290 3568 1446 3654 populum

320 3656 540 3738 Hibernicum,
554 3679 649 3742 quem
662 3661 755 3724 bonis
771 3660 912 3726 moribus
926 3659 1096 3725 informare
1116 3678 1154 3723 ac
1166 3657 1290 3742 legibus
1311 3655 1446 3721 subdere

367 3892 377 3928 ¹
389 3894 418 3947 Ο.
431 3895 527 3946 sdutia
1125 3892 1137 3929 ¹
1150 3895 1177 3948 0.
1190 3893 1222 3948 D.
1233 3893 1264 3944 lt
1277 3893 1403 3945 imminet.

367 3962 379 3998 ³
391 3966 418 4016 0.
432 3965 462 4016 a
477 3971 595 4032 utroque.
735 3963 747 3999 ⁴
760 3967 787 4020 0.
801 3965 957 4018 reciderunt.
1127 3963 1177 4018 ⁶0.
1191 3965 1221 4016 E
1236 3963 1375 4016 sufficiant.

368 4032 420 4086 ’Β
434 4033 462 4088 0.
476 4035 506 4086 D
519 4035 697 4087 concessionis
734 4037 766 4088 D.
781 4037 956 4101 oueedsrom
966 4035 1146 4088 concessionis

367 4103 796 4171 'Scirepcctcds'amorpinlotea
1129 4103 1227 4158 ⁸B.O.
1240 4105 1273 4156 D.
1288 4105 1318 4156 E.
1333 4102 1441 4170 aposita.

368 4173 419 4228 ⁰0.
432 4193 544 4244 operem
580 4177 610 4229 ll.
623 4177 870 4243 operemoltmdto
882 4193 966 4245 opera
1116 4173 1139 4209 ¹⁰
1150 4177 1178 4229 0.
1192 4191 1246 4228 non
1258 4174 1338 4226 mille.

357 4244 378 4279 ¹¹
391 4245 418 4298 0.
432 4247 464 4298 D.
480 4247 510 4298 Fa
524 4247 672 4300 medietate.
974 4245 995 4280 ¹²
1007 4249 1036 4301 Ο.
1049 4248 1116 4300 oddo
1127 4251 1163 4299 et
1199 4246 1230 4298 ll.
1243 4249 1396 4297 ceterarum
1407 4249 1443 4296 et.

357 4313 379 4350 ¹³
391 4317 419 4368 0.
432 4315 462 4368 Ε.
475 4317 588 4370 omnino.
1120 4315 1142 4351 ¹⁴
1154 4317 1182 4369 0.
1196 4315 1225 4368 Ε.
1239 4331 1320 4383 reges.

357 4384 379 4418 ¹⁶
392 4387 421 4440 ll.
435 4389 582 4440 sanctitate
620 4389 651 4442 D.
666 4389 841 4455 woesdsrom
852 4388 1001 4441 sanctitate.

358 4455 378 4490 ¹⁰
391 4457 420 4509 0.
435 4458 464 4510 m
478 4463 574 4512 tacent.
611 4459 643 4516 D.
656 4459 831 4524 ollerchrom
843 4465 948 4514 laceret.
1119 4455 1141 4493 ¹¹
1154 4457 1182 4510 0.
1197 4457 1226 4509 Ε.
1236 4455 1313 4508 silere
1323 4453 1443 4508 volimus.
