3286 5112
670 507 766 558 LIBER
780 507 899 560 Nouos,
969 522 974 528 ·
1010 538 1013 544 ·
1292 502 1354 562 299

225 654 426 742 Oerlevorolr,
437 663 472 731 vi
481 664 523 731 eb
532 663 679 751 Anglioie
694 666 821 752 eripuit
832 687 870 733 ec
884 687 919 734 se
932 670 1060 753 gratum
1073 672 1108 734 et
1121 668 1357 734 benedilectum

223 771 350 903 fflr
373 752 622 905 rggrrpghibuit
677 753 749 832 Quo
773 759 917 904 tempere
941 775 1000 821 rex
1022 755 1140 833 David,
1162 756 1205 856 ed
1229 757 1358 840 proprie

223 858 475 992 ensinio
495 845 1358 1015 §idleffnlldlllllmelmdididdlllll

223 1010 374 1096 Angliem
395 1011 626 1078 exhortandus²
642 1013 801 1080 instanter
822 1014 1035 1099 supplicavit:
1059 1015 1146 1102 quod
1166 1015 1215 1080 ite
1235 1017 1359 1082 lectum

222 1104 279 1165 est
324 1098 402 1166 Post
415 1099 477 1166 hoc
497 1120 574 1166 vero
594 1099 761 1166 Johennes
783 1101 930 1180 Stewert
948 1101 1035 1168 filius
1057 1108 1091 1168 et
1111 1103 1204 1168 heres
1225 1103 1359 1170 Roberti

223 1185 361 1251 Stewort
388 1186 481 1272 regis,
509 1186 644 1253 secundi
672 1187 770 1272 hujus
798 1187 948 1266 nominis,
975 1193 1109 1255 vocotus
1137 1189 1289 1254 dominus
1317 1189 1359 1256 de

222 1271 310 1350 Kils,
323 1277 357 1337 ct
370 1281 481 1358 postee
495 1273 645 1339 dominus
659 1274 700 1340 de
715 1273 837 1352 Gurrilr,
850 1281 1013 1359 postremo
1027 1295 1102 1341 vero
1120 1296 1178 1341 rex
1200 1276 1359 1342 Robertus

221 1359 360 1437 Tercius,
385 1366 511 1426 muteto
536 1360 675 1438 nomine,
697 1359 832 1426 collecto
856 1361 1001 1427 exercitu
1024 1367 1129 1428 totum
1154 1363 1293 1447 petrium
1318 1363 1359 1429 de

221 1445 443 1514 Anendirulele
457 1447 499 1512 ed
513 1447 609 1512 fidem
624 1452 658 1512 et
670 1467 783 1533 pacem
797 1447 880 1534 regis
894 1449 1032 1518 reduxit

279 1728 443 1814 §uniet
455 1729 494 1798 ts
508 1728 594 1798 hello
608 1728 783 1816 §clpam
796 1749 867 1800 uror
880 1729 1191 1806 insumitur-d.
1208 1733 1296 1804 xliii.

222 1883 402 1983 ffiuo
424 1904 559 1971 Domini
579 1917 699 1972 mooe
712 1905 774 1971 reo
789 1927 847 1972 rex
868 1907 1011 1974 menore
1032 1908 1209 1990 somnne,
1222 1909 1358 1976 aenens
1375 1933 1430 1974 rs.
1442 1923 1508 1974 on.

220 1993 308 2080 quod
320 1991 498 2058 Edwerdus
511 1997 655 2076 quartus,
668 1993 817 2078 princeps
832 1993 949 2060 Vulliee
962 2001 1104 2073 vocetrrs,
1119 2016 1194 2061 cum
1215 1999 1358 2064 mcxima

220 2081 370 2166 potencie
390 2099 525 2164 regnum
541 2079 685 2144 Elenciae
705 2079 868 2146 hostiliter
881 2081 1042 2160 intrasset,
1055 2081 1198 2148 collectis
1213 2085 1358 2149 exomni

220 2174 311 2252 perte
321 2166 444 2232 viribus
458 2165 616 2250 potenciee
626 2185 702 2244 suae,
716 2167 846 2232 obviem
859 2167 923 2232 sibi
936 2169 1136 2252 praepemvit
1180 2169 1243 2234 (lui
1257 2170 1357 2254 gratis

220 2253 354 2320 accessit
367 2252 486 2318 nobilis
500 2251 686 2318 willelmus
700 2252 741 2318 de
756 2253 909 2340 Dougles,
923 2259 1034 2339 posteo
1048 2253 1198 2320 dominus
1212 2256 1357 2340 ejusdem

219 2347 255 2406 et
279 2359 386 2406 comes
412 2339 546 2424 primus,
566 2338 631 2404 sibi
655 2338 837 2405 subsidium
856 2361 932 2406 oum
956 2340 1160 2406 multisonis
1186 2342 1299 2408 amicis
1322 2349 1357 2407 et

219 2427 382 2493 nobilibus
397 2445 454 2510 pro
468 2445 561 2510 posse
574 2426 798 2510 impensurus:
819 2447 916 2511 quem
929 2448 987 2493 rex
1001 2427 1038 2492 in
1052 2428 1120 2493 ecio
1134 2427 1212 2495 belli
1226 2427 1356 2514 cingulo

219 2513 353 2578 militari
374 2512 544 2578 decoravit.
589 2513 660 2578 Rex
676 2532 761 2592 vero,
774 2513 899 2579 dietum
919 2515 1099 2599 prinoipem
1113 2513 1229 2580 Velliae
1251 2535 1355 2601 usque

219 2619 318 2686 prope
337 2598 452 2666 villam
473 2600 514 2665 de
535 2599 672 2666 Potionis
692 2600 921 2686 persequendo,
943 2601 1051 2666 locum
1074 2621 1149 2666 eum
1170 2601 1355 2668 debellandi
1426 2629 1430 2638 ·

218 2687 324 2773 clegit.
369 2685 501 2773 Anglioi
513 2706 589 2752 vero
604 2693 697 2752 ceute
711 2687 931 2767 etmeliciose,
945 2687 1190 2753 multitudinem
1211 2688 1354 2755 Franciee

218 2775 380 2854 timentes,
393 2772 570 2839 finxerunt*
583 2793 619 2840 se
638 2774 676 2838 in
697 2775 835 2859 putrium
856 2795 949 2840 suem
969 2775 1129 2860 perdetim
1149 2775 1353 2843 retrocedere.

220 2861 315 2942 Quod
334 2861 483 2928 videntes
506 2859 646 2940 (tellici,⁶
664 2860 793 2928 medem
814 2861 851 2926 in
872 2862 982 2947 firgnm
1003 2881 1171 2928 conversos
1191 2867 1353 2947 putentes,

217 2947 1353 3122 &affinpmffifflofflffinm

217 3121 351 3208 implere
374 3123 529 3208 cophinos
554 3120 727 3199 credentes,
755 3085 960 3207 con’greslum
983 3141 1058 3186 cum
1086 3120 1206 3186 eisdem
1235 3122 1352 3188 hebere

217 3209 352 3274 minime
373 3209 519 3276 arbitrati
540 3213 625 3274 sunt
679 3207 774 3286 Quod
794 3207 860 3274 heu
880 3207 1045 3292 prodolorl
1070 3229 1145 3274 cunr
1168 3209 1205 3273 in
1230 3209 1351 3275 talibus

218 3295 334 3361 turmis
349 3295 481 3381 Anglici
496 3315 551 3360 eos
564 3295 713 3360 videntes
720 3294 849 3372 divisos,
864 3294 972 3360 subito
985 3299 1181 3363 revertentes
1195 3295 1231 3360 in
1244 3298 1351 3381 proxi-

218 3402 306 3446 mem
320 3401 429 3448 eorum
444 3381 607 3446 cohortem
616 3381 797 3462 irruerunt3
821 3387 862 3459 et,
876 3382 962 3446 lecte
972 3387 1076 3467 strage
1089 3381 1241 3460 menime,
1256 3403 1351 3468 quoe-

217 3468 295 3534 dem
317 3466 512 3542 occiderunt,
536 3467 693 3551 quosdam
721 3472 968 3552 prostraverunt,
994 3468 1150 3553 quosdsm
1175 3468 1217 3535 ed
1242 3469 1352 3556 fugem

216 3551 1248 3726 allidimur&iurtsllttbtto‘lntniltt
1272 3577 1352 3708 lt?

216 3727 338 3814 phinus
359 3747 435 3793 vero
456 3726 608 3803 Frenciae,
630 3745 705 3790 cum
730 3725 834 3791 multe
857 3727 1017 3794 nobilium
1041 3729 1164 3795 milicia
1184 3729 1221 3793 in
1241 3728 1352 3814 fugem

217 3835 399 3892 conversus,
424 3813 534 3880 erosit
586 3813 638 3878 De
662 3811 884 3880 Cloio-Monte
909 3835 1015 3880 comes
1040 3815 1163 3882 occisus
1187 3815 1351 3881 remansit.

217 3902 262 3967 Et
287 3901 334 3968 sic
362 3921 420 3966 rex
448 3898 592 3966 anciee
619 3899 707 3966 solue
732 3900 769 3965 in
793 3920 906 3986 compo
934 3901 1081 3986 pedester
1109 3901 1251 3980 relictus,
1276 3923 1351 3967 cum

213 3989 335 4073 juvenc
363 3988 431 4053 filio
467 3987 629 4072 Philippo,
657 3986 782 4052 insonte
817 3987 951 4073 puerilis
983 3988 1106 4069 aetetis;
1141 3988 1208 4073 qui,
1235 3985 1350 4055 videns

216 4075 365 4142 inimicos
387 4074 430 4141 ud
449 4079 575 4160 petrem
595 4094 710 4140 monus
732 4073 899 4161 porrigere,
913 4081 947 4140 et
960 4073 1048 4141 eum⁷
1062 4074 1177 4170 gladiis
1199 4075 1351 4142 extructis

264 4275 317 4330 ¹0.
330 4275 360 4327 lu
373 4274 430 4327 ccc
451 4273 642 4326 transmittere.
961 4267 1013 4324 ²0.
1027 4271 1057 4323 lu
1070 4270 1244 4328 exhortando.

264 4343 722 4413 ’dammandum
964 4338 1198 4398 *cuonem

264 4410 946 4483 tooueemwenmsorengnemeoc.
1126 4435 1131 4441 —

263 4485 451 4544 “Bonum
962 4480 1140 4536 l(llleum.
1176 4514 1178 4520 .
