3240 5130
305 515 366 574 366
687 524 783 573 maula
797 521 1065 572 PLUSCARDRNSIS.

300 691 443 768 tempore
464 687 555 748 erant
580 681 701 747 domini
726 681 930 766 parliamenti
954 679 1153 758 Parisiorum,
1178 678 1219 745 de
1243 679 1329 746 dicta
1352 679 1431 745 villa

302 770 473 836 Parisiensi
487 770 609 854 lugati;
633 769 691 853 qui
712 789 786 834 eum
803 769 844 834 ad
858 767 1033 833 tenendum
1054 768 1219 852 inceptum
1233 767 1432 851 propositum

303 857 433 922 omuino
447 856 717 922 consultaverunt.
761 855 823 921 Sed
838 855 1015 920 misericors
1037 859 1071 918 et
1084 854 1251 918 miserator
1263 854 1432 930 Dominus,

301 943 440 1028 paciens,
460 943 662 1028 longanimus
689 949 721 1007 et
745 943 886 1006 multum
908 941 1094 1019 misericors,
1119 940 1176 1024 qui
1200 940 1297 1006 habet
1322 941 1431 1005 oculos

301 1051 376 1094 euos
391 1049 487 1113 super
503 1031 609 1114 justos
623 1036 657 1094 et
670 1049 762 1094 aures
776 1029 846 1112 ejus
861 1048 986 1112 semper
999 1028 1041 1092 ad
1054 1047 1163 1112 preces
1178 1047 1294 1105 eorum,
1309 1026 1431 1092 habens

302 1117 403 1181 eciam
424 1117 553 1181 vultum
574 1137 670 1182 suum
691 1135 786 1200 super
808 1115 960 1180 facientes
981 1114 1075 1192 mala,
1095 1119 1134 1179 ut
1154 1114 1267 1198 perdet
1285 1113 1325 1178 de
1346 1119 1431 1178 terra

301 1203 486 1268 memoriam
507 1224 625 1281 eorum,
638 1201 804 1268 exaudivit
825 1221 934 1286 preces
956 1201 1034 1284 ejus,
1054 1205 1086 1265 et
1107 1200 1198 1265 misit
1219 1200 1249 1264 ei
1271 1199 1430 1264 auxilium

301 1289 341 1354 de
363 1295 489 1354 macto:
511 1290 732 1354 tramittens
754 1289 784 1355 ei
803 1308 902 1352 unam
923 1287 1082 1365 ancillam,
1102 1287 1259 1372 virginem
1279 1286 1430 1370 puellam,

301 1377 446 1440 omnium
467 1381 681 1442 ereaturarum
703 1374 852 1442 antehoc
866 1373 1150 1459 pusillanissimam
1166 1377 1198 1438 et
1219 1373 1336 1458 spiritu
1349 1395 1429 1457 pau·

300 1462 479 1548 perrimam,
500 1483 629 1547 corpore
650 1463 751 1528 eciam
773 1462 921 1546 exiguam
943 1467 976 1526 et
995 1460 1158 1545 pusillam
1172 1460 1298 1525 coelitus
1319 1467 1429 1524 tamen

300 1549 445 1614 edoctam
467 1553 500 1614 et
520 1549 719 1627 instructam,
733 1569 770 1614 aa
792 1548 914 1632 Spiritu
936 1547 1062 1625 Sancto,
1076 1568 1103 1614 ,a
1124 1567 1187 1630 que
1210 1546 1254 1611 et¹
1268 1553 1340 1612 aeta
1360 1546 1430 1630 ejus

298 1635 435 1720 probant
456 1634 611 1719 inspirata
630 1636 703 1712 fuit,
717 1635 900 1712 animatam,
915 1633 1095 1699 consultam
1116 1638 1149 1698 et
1163 1633 1335 1714 directem;
1355 1654 1428 1717 quae

299 1723 340 1786 ab
354 1722 481 1786 insidiis
495 1723 644 1786 omnibus
658 1721 861 1786 inimicorum
875 1721 1020 1786 omnium
1036 1720 1187 1786 liberavit
1200 1740 1283 1797 eum,
1298 1725 1332 1785 et
1352 1741 1428 1785 eon-

299 1808 396 1873 clusit
414 1809 450 1872 in
471 1828 585 1873 manus
606 1808 740 1886 inimici,
755 1815 788 1872 et
806 1807 964 1872 dominati
985 1813 1063 1872 sunt
1084 1827 1193 1871 eorum
1214 1807 1271 1890 qui
1292 1807 1429 1872 oderunt

290 1914 361 1959 ,eoa
404 1894 455 1958 De
469 1894 560 1978 cnjus
575 1893 725 1973 adventu,
739 1901 772 1960 et
786 1893 826 1959 de
839 1894 1043 1966 mirabilibus,
1054 1893 1201 1979 operibus
1215 1896 1294 1978 ejus,
1308 1893 1428 1958 declar-

299 1981 406 2046 abitur
420 1980 461 2047 ad
474 1981 604 2066 longum
619 1981 655 2045 in
669 1981 884 2066 sequentibus.
929 1982 1089 2046 Caeterum
1103 1980 1143 2046 de
1157 1981 1333 2056 nobilitate,
1346 1980 1427 2045 vali-

298 2066 411 2132 tudine
422 2072 456 2133 et
469 2067 672 2133 strenuitate²
683 2068 777 2133 dictae
791 2067 932 2133 civitatis
945 2067 1181 2132 Aurilianensis
1191 2088 1257 2132 non
1267 2067 1362 2132 debet
1376 2087 1430 2132 oor

298 2153 405 2222 nobile
422 2161 456 2219 et
470 2155 572 2219 altum
593 2155 629 2218 in
650 2155 846 2220 oblivionem
860 2153 1029 2219 dimittere
1073 2154 1160 2219 Nam
1179 2154 1253 2238 ipsi,
1266 2153 1428 2218 unanimi³

197 2283 198 2286 =
297 2261 463 2318 consensu,
477 2241 712 2307 considerantes
734 2240 901 2306 dominum
922 2261 1018 2306 suum
1039 2239 1153 2306 ducem
1167 2240 1426 2306 Aurilianensem

296 2327 332 2391 in
353 2327 502 2392 manibus
523 2348 633 2394 eorrun
654 2328 843 2394 existentem
869 2348 888 2392 a
910 2335 1052 2410 tempore
1073 2327 1152 2392 belli
1173 2326 1213 2392 de
1227 2329 1427 2411 Agenteourt

250 2480 253 2486 ,
295 2415 526 2480 incarceratum
550 2423 583 2480 et
607 2415 780 2498 captivum,
804 2413 933 2499 publice
959 2413 1149 2499 proclamari
1170 2413 1314 2478 fecerunt
1339 2413 1427 2498 quod
1525 2489 1528 2496 Δ

295 2521 410 2565 aurum
424 2506 458 2566 et
471 2509 638 2586 argentum
651 2502 688 2566 in
708 2501 850 2566 maxima
863 2500 1086 2565 habundancia
1107 2499 1295 2579 habuerunt,
1311 2507 1344 2566 et
1358 2501 1425 2564 vio—

295 2588 397 2652 tualia
411 2594 443 2653 et
457 2608 545 2652 arma
559 2593 626 2653 tam
640 2587 800 2654 invasiva⁴
814 2587 855 2651 ad
868 2586 1104 2671 plenitudinem
1117 2607 1176 2674 pro
1191 2586 1316 2652 duobus
1330 2587 1425 2652 annis

295 2673 412 2739 futuris
433 2695 490 2758 pro
512 2674 637 2739 duobus
658 2673 802 2739 millibus
824 2679 1034 2755 armatorum;
1056 2678 1090 2738 et
1112 2673 1207 2758 quod,
1228 2674 1424 2758 quicumque

295 2760 417 2826 nobiles
440 2767 474 2826 at
497 2761 590 2846 probi
610 2761 833 2826 armiductores
855 2781 889 2826 se
914 2759 1036 2825 vellent
1059 2759 1101 2824 ad
1124 2781 1234 2825 eorum
1258 2760 1423 2826 civitatem

294 2845 526 2912 defendendam
548 2868 622 2913 cum
645 2848 691 2912 eis
712 2847 846 2932 partem
859 2866 979 2932 capere,
1000 2867 1102 2930 usque
1124 2847 1166 2911 ad
1186 2853 1321 2913 mortem
1343 2867 1424 2932 prae-

294 2932 414 2998 dictam
428 2935 592 2998 civitatem
612 2933 838 3014 defenderent3
859 2933 949 2998 etin
977 2933 1169 3010 continente,
1190 2934 1227 2998 in
1251 2940 1423 3018 conspectu

293 3213 330 3257 ao
341 3191 449 3257 omnia
462 3191 526 3256 elia
538 3199 604 3256 tam
616 3190 769 3256 victualia
779 3155 928 3278 gentibus
943 3155 1186 3259 armorum’sine
1195 3194 1302 3278 precio
1312 3159 1423 3278 apertsi

291 3283 390 3343 erant.
427 3277 499 3356 Quo
509 3278 627 3355 audito,
638 3277 834 3362 supervenit⁶
845 3285 1038 3344 armatorum
1049 3279 1320 3346 nobilissimorum
1329 3287 1423 3346 tanta

291 3365 390 3450 copia,
412 3365 498 3449 quod
520 3365 683 3450 elegerunt
704 3364 803 3431 bonos
823 3366 860 3432 in
880 3386 959 3430 vasa
982 3367 1062 3446 sua,⁶
1081 3366 1183 3432 melos
1204 3373 1313 3432 autem
1335 3368 1422 3433 foras

291 3451 456 3517 misenmt
500 3452 588 3531 Quae,
614 3452 702 3517 omni
725 3452 776 3518 die
801 3452 960 3529 salientes,
982 3451 1019 3517 in
1047 3474 1156 3519 eorum
1180 3453 1327 3518 inimicos
1351 3459 1421 3518 tam

292 3537 452 3604 crudelem
473 3544 611 3623 stragem
627 3539 780 3617 fecerunt,
794 3539 993 3626 iugavemnt,
1014 3540 1207 3618 occiderunt,
1222 3547 1255 3606 et
1276 3539 1421 3624 captivos

156 3702 160 3712 ,
290 3627 326 3692 iu
340 3625 452 3690 villrun
471 3625 642 3703 duxeramt
656 3625 743 3709 quod
761 3646 827 3705 rex,
848 3625 916 3691 haeo
938 3625 1080 3704 audiens,
1101 3631 1226 3692 tantam
1247 3625 1420 3691 consolaci-

291 3734 385 3780 onem
406 3719 440 3778 et
458 3711 724 3778 confortacionem
745 3713 782 3777 in
802 3733 836 3778 aa
857 3711 988 3797 accepit,
1003 3713 1088 3796 quod
1102 3734 1143 3778 er
1164 3713 1221 3778 ills
1234 3712 1312 3778 hora
1330 3713 1421 3776 omni

290 3800 352 3878 die,
366 3799 406 3866 de
420 3798 472 3864 die
486 3799 521 3863 in
536 3795 642 3875 diem,l
653 3798 689 3862 in
703 3799 796 3864 corde
810 3799 975 3883 magnifice
989 3800 1197 3879 reconvaluit,
1210 3819 1247 3865 ae
1261 3799 1309 3864 eie
1322 3798 1419 3865 liber-

289 3891 390 3952 tatem
414 3891 601 3970 perpetuam
624 3885 751 3950 eosdem
780 3884 977 3951 nobilitando
1002 3887 1166 3952 concessit.
1211 3887 1255 3952 Et
1282 3885 1329 3951 ric
1354 3885 1419 3952 hiis

290 3973 402 4038 diebus
416 3971 568 4058 praedicta
582 3971 730 4056 puellae
744 3972 866 4057 Spiritu
881 3973 998 4039 Sancto
1012 3975 1160 4053 excitata,
1171 3973 1213 4039 ad
1223 3973 1419 4039 veniendum

289 4060 355 4144 regi
370 4065 565 4144 praeceptum
580 4059 709 4143 accepit

1001 4199 1139 4208 ..ann——

335 4275 345 4309 ¹
358 4275 387 4329 O.
403 4275 432 4325 la
445 4276 483 4325 ut
660 4267 711 4323 Ὀ.
725 4272 755 4325 Ε.
769 4273 824 4325 cdd
836 4273 943 4326 civium.
1019 4272 1031 4307 ⁸
1042 4275 1071 4326 (1.
1086 4274 1118 4325 D.
1132 4273 1163 4326 a
1177 4275 1307 4326 unanimo.

334 4346 388 4398 ⁴E.
402 4343 469 4395 aaa
481 4358 559 4408 quam
571 4341 714 4395 defensiva
1017 4341 1070 4397 ⁶0.
1083 4345 1115 4397 D.
1129 4345 1159 4396 E.
1173 4345 1284 4397 uddeis.

335 4418 346 4451 ⁰
358 4418 387 4467 B.
400 4415 429 4466 0.
442 4414 474 4464 Ι).
488 4413 519 4463 E.
534 4413 601 4464 umis
613 4413 675 4464 suin.
718 4461 719 4466 ,
1016 4411 1027 4448 ²
1040 4416 1068 4466 (1.
1082 4415 1111 4466 Ε.
1126 4415 1182 4467 odd
1193 4415 1286 4467 animia
1298 4432 1396 4468 eornm
