3286 5112
300 461 362 520 288
673 469 769 519 monn
782 468 1053 522 Pnusonnonnsm.

297 629 420 694 hebens
434 647 542 693 secum
563 626 672 712 plures
695 627 805 693 Sootos
828 627 984 694 Eduardo
1006 628 1046 694 de
1067 625 1203 692 Belliolo
1226 625 1430 693 anhaeoentes.

300 716 341 780 In
356 715 467 781 eodem
481 722 623 800 tempore
633 713 818 780 willelmus
832 715 873 782 dc
894 715 1047 802 Dongles‚
1068 714 1202 780 veniens
1227 714 1267 780 de
1289 714 1431 793 Francis,
1517 789 1520 794 ¹

299 803 417 868 missus
432 823 452 867 e
465 821 538 886 rege
552 801 670 878 David,
684 821 759 866 cum
772 803 868 867 certis
882 803 1013 867 armatis
1028 802 1165 867 novibus
1179 801 1213 866 in
1236 801 1372 866 introitu
1391 801 1432 867 dc

300 888 400 972 Tcye¹
414 889 579 966 intrantes,
594 908 674 972 quae,
696 887 866 953 introitum
889 895 922 954 et
943 889 1067 954 exitum
1092 893 1185 972 equos
1208 888 1432 964 custodientes,

301 975 445 1041 subsidio
473 975 577 1039 multo
605 975 757 1051 focerunt,
786 975 923 1040 adduxit
951 977 1054 1041 eciem
1077 975 1186 1040 secum
1210 974 1290 1040 duos
1311 975 1432 1039 milites

301 1061 482 1147 prudentes,
493 1060 531 1126 nl
541 1061 693 1147 Egidium
703 1061 743 1127 de
756 1061 833 1146 Hey
841 1069 874 1126 et
884 1059 1080 1128 Johennem⁸
1090 1062 1131 1127 de
1142 1063 1250 1146 Broyn
1295 1061 1431 1126 Interim

301 1169 386 1226 vero,
414 1147 521 1213 missis
550 1148 677 1213 nunciis
706 1147 919 1232 prudentibus
943 1148 1108 1214 Willelmo
1144 1147 1271 1226 Bullolr,
1307 1146 1433 1212 custodi

301 1236 399 1300 castri
413 1234 453 1301 de
475 1235 589 1320 Cupro,
611 1234 845 1318 temerarioque
869 1241 903 1300 et
927 1234 1123 1300 thesaurario
1141 1235 1260 1300 Scociae
1281 1253 1322 1300 ex
1343 1240 1433 1319 porte

302 1321 453 1387 Edwardi
466 1321 506 1386 de
521 1321 668 1399 Bolliolo‚
681 1328 715 1386 et
729 1321 804 1385 dcte
825 1323 970 1405 pecunie,
985 1341 1022 1386 ec
1044 1323 1145 1387 eciam
1169 1320 1347 1386 hereditate
1371 1320 1432 1384 sibi

302 1409 467 1494 promisse,
481 1414 620 1473 castrum
633 1406 795 1473 redditum
809 1415 867 1486 est,
881 1428 918 1474 oo
932 1408 1028 1472 homo
1042 1408 1144 1494 legius
1167 1427 1241 1472 cum
1264 1408 1332 1472 suis
1353 1407 1432 1471 dicti

302 1496 427 1560 domini
439 1495 522 1580 mgis
537 1494 644 1559 David
659 1493 805 1560 devenitz
827 1495 885 1578 qui
906 1495 1007 1561 eciem
1028 1495 1070 1561 sd
1091 1494 1250 1560 obsidium
1275 1494 1315 1560 de
1336 1491 1433 1558 Perth

303 1583 453 1646 omnibus
466 1580 589 1645 viribus
600 1580 745 1657 Roberto,
760 1581 885 1646 custodi
899 1581 1027 1659 Scotino,
1040 1581 1182 1646 adhaesit
1225 1581 1269 1646 Et
1287 1580 1434 1656 finaliter,

303 1675 378 1754 post
391 1667 496 1732 multe
517 1666 709 1744 discrimine,
722 1667 835 1731 villum
856 1667 1065 1752 optinnemnt
1085 1689 1143 1752 per
1167 1673 1339 1732 macutum
1360 1685 1433 1731 oon-

305 1754 430 1832 oorrlim,
453 1752 600 1838 Anglicis
625 1753 661 1816 in
683 1753 820 1836 petriam
842 1753 1005 1820 dimissis.⁴
1047 1754 1145 1819 Anno
1170 1774 1246 1820 vero
1274 1751 1434 1838 sequenti⁶

306 1859 422 1926 magne
450 1839 579 1904 caristie
600 1846 634 1904 et
658 1839 848 1905 victualium
871 1841 1004 1925 penurie
1026 1841 1090 1906 fuit
1110 1841 1146 1905 in
1169 1841 1299 1920 Soocic3
1334 1845 1435 1918 etot

306 1927 438 2012 quidem
446 1927 562 2003 ferunt,
572 1925 945 2011 nonnulli‚inspelunois
955 1927 1145 2006 habitantes,
1155 1927 1273 1993 bestius
1281 1925 1434 1991 inhibitos

306 2021 345 2078 ut
359 2033 452 2078 canes
478 2011 702 2078 comedebant:
734 2033 852 2098 ymmo,
873 2015 975 2079 eciem
999 2021 1033 2079 et
1055 2014 1195 2079 infantes
1220 2020 1254 2079 et
1277 2013 1435 2090 mulieres,

306 2107 403 2186 prout
423 2101 592 2184 probatum
613 2099 678 2164 fuit
699 2105 732 2164 et
757 2107 925 2184 expertum
945 2121 1003 2185 per
1024 2102 1184 2184 quendem
1206 2099 1309 2166 (iriste
1331 2099 1437 2164 olen·

208 2267 211 2272 ¹
307 2207 446 2264 nomme,
476 2186 541 2270 qui,
570 2205 644 2251 oum
669 2205 728 2251 sue
752 2185 912 2271 snagins!
937 2186 1057 2252 multos
1079 2187 1219 2253 infantes
1240 2194 1273 2252 et
1287 2186 1437 2250 muheres

307 2273 530 2338 manducando
544 2272 692 2353 necavit;
712 2280 746 2338 et
756 2273 791 2337 in
806 2273 870 2338 fine
883 2273 1003 2338 momui
1017 2281 1103 2354 sunt,
1118 2282 1151 2339 et
1164 2272 1292 2359 publice
1297 2273 1436 2358 justiciae

307 2360 419 2425 traditi
434 2367 467 2426 et
480 2358 566 2424 mols
580 2366 682 2425 morte
697 2359 840 2425 extincti

419 2618 581 2704 §muita
594 2619 631 2689 hc
644 2619 826 2790 111σῦ1ιέ11
839 2617 999 2735 511Ξ1ἰιιι,
1014 2639 1084 2690 mot
1097 2619 1328 2692 menestheo

793 2773 801 2789 .
816 2730 948 2788 xxth.

309 2844 591 2948 Ronnnnos
621 2871 730 2957 itaque
759 2871 904 2951 sesan,
931 2878 1103 2957 postquam
1129 2872 1243 2939 vinam
1271 2873 1312 2940 ne
1341 2871 1439 2939 nem

308 2965 532 3042 recuperasset,
558 2964 698 3023 cestrum
721 2955 762 3023 dc
787 2957 923 3042 Stirling
948 2959 1128 3025 obsedendo
1154 2961 1305 3046 optinuit,
1326 2961 1362 3024 in
1376 2981 1439 3045 quo

309 3051 378 3110 eret
389 3044 530 3128 Rukby‚⁰
540 3050 578 3109 ut
588 3044 711 3109 dictum
725 3051 794 3108 est:
815 3045 881 3127 qui,
892 3045 932 3110 de
941 3065 1092 3111 succursu
1103 3046 1297 3131 desperatus,
1308 3046 1441 3131 eoquod

310 3132 347 3195 in
360 3131 494 3198 Francis
507 3130 582 3195 tulis
593 3150 705 3214 guerro
719 3136 828 3195 exorte
842 3131 913 3208 fuit,
928 3133 1142 3198 convencione
1152 3134 1238 3198 facto
1247 3133 1288 3200 dc
1301 3135 1397 3199 rebus
1407 3139 1442 3199 et

308 3219 379 3282 vite
400 3216 572 3294 solvendis,
587 3217 623 3279 in
637 3216 788 3301 Anglinm
811 3217 976 3283 secessit¹⁰
1019 3219 1120 3304 Oujus
1143 3220 1240 3285 centn
1262 3220 1441 3285 custodium

310 3304 439 3369 cuidem
453 3303 611 3368 Mauricio
625 3302 665 3368 de
680 3303 828 3368 Morevie
838 3304 1007 3383 commisit,
1020 3305 1151 3371 domino
1173 3307 1213 3371 de
1236 3307 1440 3373 Oliddisdele

311 3391 355 3456 Et
369 3391 415 3456 sic
429 3411 486 3474 per
506 3391 671 3455 universos
692 3397 798 3475 portes
821 3391 910 3475 regni
933 3412 1076 3478 pergens,
1090 3393 1132 3457 nd
1154 3393 1252 3458 fidem
1274 3401 1308 3458 et
1330 3414 1442 3478 pscem

312 3478 394 3563 regis
408 3476 518 3542 David
531 3477 567 3540 in
580 3477 670 3541 brevi
692 3485 835 3561 tempore
855 3477 1020 3543 universus
1045 3479 1226 3564 provincias
1250 3479 1389 3557 reduxit,
1409 3485 1444 3545 ct

310 3563 493 3650 Anglicstis
507 3563 625 3628 conctis
639 3561 681 3628 cd
694 3563 791 3628 fidem
812 3563 961 3629 Edwnrdi
983 3564 1023 3630 de
1040 3565 1178 3630 Bolliolo
1199 3565 1445 3631 misericorditer

311 3651 453 3731 remisit3
487 3656 522 3715 et
545 3669 701 3734 pauperes
727 3669 768 3716 ne
793 3670 813 3715 e
837 3651 1023 3735 potentibus
1037 3652 1294 3736 opprimerentur
1312 3653 1444 3718 omnino

311 3737 513 3814 defendebat,
533 3736 686 3822 agricolas
706 3736 854 3814 nutrivit,
876 3735 933 3802 et¹¹
955 3757 1065 3803 omncs
1086 3759 1207 3823 pocem,
1224 3739 1390 3824 justicium
1411 3743 1447 3804 ot

311 3825 478 3890 ceritatem
491 3822 643 3888 mundare
657 3829 690 3888 et
703 3843 849 3889 exercere
863 3823 962 3908 coepit
973 3846 981 3888 :
1001 3823 1112 3890 taliter
1121 3825 1207 3910 quod
1217 3845 1351 3911 regnum
1361 3826 1447 3891 infru

311 3912 407 3978 breve
421 3917 549 3995 tempus
564 3909 781 3975 convalescere
795 3910 917 3995 incepit
931 3917 965 3975 et
977 3912 1163 3995 prosperari,
1177 3911 1312 3977 ecclesie
1325 3913 1389 3978 Dei
1408 3933 1448 3978 ec

358 4095 532 4162 ¹O.D.Tey.
1127 4095 1335 4152 ⁸O.E.omitn

358 4169 410 4222 ³0.
423 4167 457 4219 D.
469 4167 500 4218 lt
514 4164 632 4234 Egidius.
644 4163 788 4218 «Iohannes.
1128 4167 1140 4201 ⁴
1151 4169 1179 4221 0.
1193 4169 1226 4221 D.
1240 4169 1270 4221 lt
1283 4169 1340 4222 odd
1350 4173 1401 4222 cto.

358 4239 411 4292 ⁶0.
424 4237 455 4289 D.
468 4237 583 4288 hanno
594 4236 724 4304 sequenti.
1125 4237 1178 4292 ⁸0.
1193 4239 1224 4293 Ε.
1237 4239 1328 4306 Oristy
1338 4239 1426 4293 Olcrln

356 4309 412 4431 {g
424 4307 594 4444 {hugtim-
870 4303 922 4360 ⁸0.
936 4305 965 4360 Ε.
980 4307 1081 4362 obsidio
1093 4307 1134 4362 (le.
1171 4309 1202 4362 D.
1213 4310 1281 4362 adds
1291 4311 1333 4362 ds.

345 4449 408 4534 1⁰13.
422 4448 538 4499 recessit.
574 4447 603 4500 0.
618 4447 649 4499 D.
663 4447 693 4500 Ε.
708 4445 823 4500 csccait.
1117 4449 1137 4485 ¹¹
1151 4449 1180 4503 0.
1193 4449 1226 4503 D.
1243 4449 1274 4502 E.
1287 4451 1433 4504 addictor.
