3240 5130
346 482 407 540 324
720 488 815 538 LIBER
829 486 1101 538 antecameram.

343 649 458 722 finivit,
501 649 545 714 Et
558 647 639 726 ideo,
652 654 690 713 ut
703 644 915 732 praesumitur,
929 645 1055 713 occulto
1072 644 1194 730 judicio
1215 643 1288 723 Dei,
1301 663 1338 710 ac
1352 645 1386 710 in
1401 645 1479 710 uin-

343 737 461 802 dictam
478 735 722 820 praemissorum,
729 740 864 819 patruus
878 734 956 818 ejus,
964 733 1022 819 qui
1035 733 1072 797 in
1086 732 1230 799 Saociam
1243 752 1301 816 per
1311 731 1477 797 maliciam

345 827 379 887 ct
399 822 580 906 potenciam
604 821 796 888 mancorum
820 819 968 886 exulatus
990 819 1031 886 da
1051 839 1150 905 regno
1171 819 1327 884 vilissime
1351 819 1477 903 ejectus

345 909 418 986 fuit,
443 928 518 974 cum
546 928 662 994 magna
685 907 814 973 maria
841 907 926 972 inter
949 907 1097 972 inimicos
1125 925 1200 971 suos
1225 907 1328 971 vitam
1356 905 1476 984 finivit,

345 995 507 1080 sequendo
522 994 646 1061 dictum
666 993 831 1079 prophatae
852 993 1006 1059 dicentis:
1029 992 1174 1058 Tradidit
1187 1011 1241 1058 eos
1261 992 1422 1058 Dominus
1436 992 1477 1058 in

345 1101 445 1148 manu
456 1081 590 1161 inimici,
603 1086 637 1148 et
650 1080 809 1147 dominati
823 1086 900 1146 sunt
913 1099 1023 1146 eorum
1037 1079 1094 1166 qui
1108 1079 1246 1146 oderunt
1258 1099 1321 1145 aas.

417 1351 579 1438 §meam
592 1354 629 1423 br
644 1354 768 1423 actibus
782 1352 921 1436 {latmi
934 1351 1092 1436 §tahath
1105 1355 1143 1422 ba
1156 1353 1238 1438 dita
1252 1371 1354 1422 mnas
1365 1351 1396 1430 ;¹

667 1473 737 1522 aaut
749 1452 1043 1540 inritatam-[d.
1059 1452 1145 1541 biit]

348 1589 503 1688 Pasa
527 1616 668 1682 enam
692 1616 777 1702 rege
800 1615 927 1701 aare
951 1615 1081 1682 arere
1105 1616 1140 1682 a
1165 1611 1328 1702 anguem,
1353 1614 1476 1680 necue

346 1702 504 1768 Robertua
526 1703 661 1769 Stewart
683 1701 722 1770 de
744 1703 824 1781 Fila,
842 1704 925 1788 regis
946 1704 1086 1770 secundo
1107 1702 1257 1788 genitas,⁸
1270 1703 1476 1788 congregavit

347 1788 410 1854 sibi
431 1810 472 1854 ex
496 1789 585 1854 omni
609 1795 699 1874 parte
724 1790 814 1876 regni
838 1789 1015 1856 exercitum
1034 1790 1180 1891 validum
1204 1795 1407 1867 armatorum,
1433 1789 1476 1853 ad

347 1876 764 2028 llmffiatffitlbb
775 1875 1316 2049 ttlllllttlgldbll
1328 1875 1475 2047 dett

346 2049 458 2134 pater,⁴
471 2049 554 2114 Blalc
567 2048 770 2116 Aralallaldt5
783 2049 907 2132 dictus3
924 2054 958 2116 ct
967 2050 1123 2116 intrantes
1134 2049 1221 2135 apud
1232 2049 1380 2135 Solway,⁰
1387 2049 1475 2114 inter

345 2135 524 2202 maritimae
544 2141 651 2221 partes
671 2135 796 2222 Angliae
817 2141 851 2202 at
871 2141 1048 2216 montanas,
1062 2157 1120 2222 per
1139 2143 1257 2203 terram
1278 2136 1417 2202 fertilem
1439 2143 1474 2201 et

345 2221 525 2288 habitatam
553 2228 586 2289 et
614 2223 764 2288 omnibus
792 2223 885 2289 bonis
913 2223 1153 2289 habundantem
1187 2221 1477 2308 imperceptibiliter

346 2329 449 2394 usque
459 2309 500 2374 ad
510 2307 743 2388 Ooklrismout,⁷
753 2309 811 2374 abi
822 2310 861 2376 de
872 2310 983 2395 spoliis
993 2310 1171 2395 implebant
1182 2309 1305 2396 egregie
1319 2308 1475 2394 cophinos

345 2415 430 2461 suos.
474 2395 542 2461 Ubi
555 2403 681 2480 reperta
690 2396 896 2481 estquaedam
907 2395 1388 2483 cartaformamquac⁸aequitur
1397 2417 1475 2461 oon·

348 2483 455 2548 tinans
465 2481 543 2548 :-I
551 2483 628 2567 lciaq
640 2484 820 2548 Athibtcrac
831 2484 912 2568 piffia
921 2484 990 2549 heir
1000 2490 1029 2548 to
1040 2485 1169 2568 Paadpra
1178 2484 1299 2548 Hedera
1309 2484 1376 2548 arad
1388 2483 1475 2548 aaa·

347 2571 423 2648 dac,
431 2569 479 2635 ala
486 2571 556 2634 wal
566 2571 634 2635 aad
644 2571 769 2655 absair
779 2591 814 2635 aa
825 2572 891 2635 acia
899 2571 968 2635 tlaaa'
977 2591 1054 2654 rapo
1063 2592 1149 2648 acam
1163 2571 1230 2635 aad
1239 2571 1357 2636 tholam
1364 2572 1474 2634 mim

346 2655 440 2720 Mala
453 2677 507 2740 my
516 2657 583 2741 caefi
594 2657 662 2721 aad
671 2657 788 2723 ἐλαύνω
801 2677 855 2740 my
864 2657 920 2721 ada
929 2657 957 2720 I
961 2656 1035 2742 piff
1044 2663 1104 2723 eto.
1149 2656 1245 2723 Unde
1258 2656 1474 2742 postmodum,

347 2741 555 2826 quandoper
571 2743 712 2808 cautelas
733 2748 767 2809 et
786 2743 931 2808 malicias
951 2744 1074 2822 mnndi,
1095 2742 1178 2810 alius
1200 2743 1313 2809 modus
1335 2743 1474 2809 faciendi

348 2835 451 2894 cartas
472 2828 612 2913 prolixas
632 2835 777 2914 rapertus
798 2834 857 2909 est,
871 2835 904 2896 et
918 2849 1024 2896 cor-am
1038 2851 1076 2896 ao
1090 2831 1126 2895 in
1140 2829 1263 2915 judicio
1286 2830 1476 2916 legebantur

347 2934 405 2998 pro
419 2919 561 2999 tempore
575 2937 639 3000 quo
656 2917 725 3001 ipse
745 2917 938 3002 gubernator
951 2917 1069 2983 Scociae
1091 2916 1209 2995 extitit,
1223 2917 1329 2982 dicere
1350 2916 1475 2981 solebat

347 2998 436 3084 quod
449 3002 550 3086 major
562 3003 642 3069 fides
652 3010 686 3068 at
694 3003 814 3069 verina
828 3003 1009 3069 adhibenda
1019 3010 1087 3070 erat
1101 3003 1250 3069 brevibus
1264 3003 1360 3069 cartis
1374 3023 1475 3088 quam

347 3085 500 3171 prolixis:
535 3110 620 3168 nam,
648 3095 769 3174 quanto
804 3090 906 3174 major
933 3091 1143 3156 terminorum
1170 3090 1353 3170 multitudo,
1381 3097 1476 3156 tanto

348 3175 450 3258 major
464 3173 634 3242 difficultas
649 3182 682 3242 et
696 3175 849 3244 confusio.
894 3177 936 3241 In
949 3178 1094 3243 terminia
1108 3175 1209 3242 νθτοῑο
1222 3178 1334 3243 multae
1350 3175 1476 3242 frivola

348 3262 785 3417 attitulata
800 3261 1476 3435 &ehilldfflriliuiffi

348 3434 558 3514 willelmum,
578 3438 636 3522 qni
656 3436 750 3503 vulda
772 3434 915 3502 nobilia¹¹
929 3435 1063 3503 bellator
1084 3444 1118 3504 et
1138 3444 1287 3505 shenuua
1301 3437 1420 3517 extitit,
1443 3445 1477 3502 et

347 3521 470 3607 Anglos
495 3523 636 3589 multum
660 3523 849 3590 infestabat:
875 3523 937 3602 cui,
956 3531 1087 3609 propter
1107 3526 1176 3611 ejus
1197 3525 1397 3610 probitatem,
1418 3525 1477 3590 do-

347 3609 455 3675 minus
475 3630 533 3675 rex
547 3609 665 3676 Scociae
686 3611 843 3676 Robertua
858 3611 922 3676 sibi
940 3630 1032 3676 suam
1045 3611 1171 3690 filiam¹²
1184 3611 1220 3676 in
1234 3610 1477 3678 matrimonium

347 3696 520 3780 copulavit,
533 3701 567 3762 at
588 3696 708 3763 eisdem
728 3696 907 3763 dominium
928 3697 969 3763 dc
989 3697 1180 3765 Niddisdele
1204 3698 1240 3763 in
1264 3698 1477 3764 hereditatem

346 3788 533 3868 perpetuam
546 3783 647 3849 libera
660 3782 800 3849 donavit
845 3783 922 3869 Ipsa
935 3784 1023 3849 enim
1043 3785 1158 3870 Egidia
1179 3784 1296 3852 Pulcra
1308 3785 1479 3851 nonanta

346 3873 403 3936 eat
446 3869 501 3934 Ad
511 3870 603 3955 cujus
618 3869 754 3956 effigiem
767 3870 878 3935 forme
887 3869 1002 3937 illius¹⁸
1012 3871 1166 3938 miaitrax
1175 3872 1327 3950 Francia,
1337 3872 1479 3938 audito¹⁴

393 4055 403 4090 ¹
415 4057 445 4109 B.
459 4057 569 4111 comitis.
606 4058 633 4110 0.
648 4059 679 4110 Ε.
693 4061 754 4110 aaut
765 4073 868 4121 comas3
887 4075 946 4110 cum
960 4058 1120 4113 incidenciia.

391 4125 403 4160 ¹
415 4129 444 4180 0.
458 4129 490 4180 D.
504 4128 534 4180 E.
548 4129 677 4182 dominus.
766 4127 818 4180 8Β.
832 4132 905 4181 omits
915 4129 1028 4198 genitus
1156 4127 1167 4164 ⁴
1179 4129 1208 4184 0.
1221 4129 1251 4183 E
1265 4130 1321 4184 add
1332 4130 1399 4196 cius.

390 4196 442 4252 ⁶0.
455 4198 485 4250 a
498 4199 649 4253 Archibuld
764 4196 816 4254 “R
830 4199 946 4268 Sulway.
982 4200 1011 4253 0.
1025 4200 1056 4253 D.
1071 4199 1099 4254 a
1114 4200 1241 4269 Solonay.

390 4266 443 4322 ²0.
457 4269 488 4322 ll.
501 4269 708 4322 Ooklrarmouth.
1153 4269 1205 4324 ⁸0.
1219 4287 1307 4338 quam.

390 4335 941 4409 ⁹G.E.cmltandthalrtomyaelalgii.
1145 4339 1342 4395 ¹⁰0.E.enim.

378 4408 399 4443 ¹¹
412 4409 443 4464 D.
457 4409 589 4464 notabilia
746 4409 768 4446 ¹²
779 4410 808 4465 0.
822 4412 852 4464 lh
865 4412 928 4465 hacc
940 4411 992 4466 ribi
1003 4429 1079 4466 suam
1091 4413 1310 4480 speciosissimam
1321 4411 1404 4464 liliam
1415 4413 1479 4466 sihi.
1606 4413 1607 4458 l

378 4477 400 4514 ¹³
412 4479 440 4532 Ο.
454 4481 484 4532 m
499 4481 588 4532 formae
600 4482 755 4548 apouaitatia
767 4483 833 4548 clus.
1141 4482 1163 4517 ¹⁴
1175 4483 1205 4536 B.
1219 4483 1248 4537 0.
1261 4483 1294 4534 D.
1308 4483 1338 4534 R
1352 4483 1465 4538 auditis
1606 4527 1607 4594 ἰ
