3284 5122
643 501 737 550 uasa
752 501 920 552 ammes.
1281 491 1342 550 113

218 657 343 737 habuit,
356 660 395 723 ut
408 656 500 724 omni
510 677 595 724 anno
608 678 684 726 eum
704 659 856 726 comitiva
868 659 1010 725 mumma
1023 679 1080 746 per
1093 659 1257 727 universas
1270 679 1343 745 pro-

218 744 446 830 vinciasregni
459 743 510 810 sui
523 765 686 830 peragram
700 745 843 824 solebat,¹
863 751 974 832 gentes
994 767 1169 832 agnoscere,
1191 746 1343 812 defectos¹

218 833 383 917 corripere,
393 831 557 916 justiciam
570 831 758 910 ministrare,
771 831 904 898 rebelles
917 833 1041 917 punire,
1060 834 1161 898 bonos
1182 833 1288 899 fovere
1308 837 1343 898 et

217 938 426 996 remunerare,
436 923 469 982 et
483 939 557 983 aum
570 917 728 984 officiariis
739 920 894 1004 cujusque
903 919 1075 1004 provincia
1088 939 1198 985 omnes
1212 919 1342 1004 penitus

219 1001 376 1071 defectus⁸
385 1005 561 1071 reformare.
582 1005 700 1071 Nullos
708 1005 829 1072 ociosos
838 1012 871 1071 et
881 1005 1089 1072 sinsartaval
1097 1006 1191 1072 modo
1198 1006 1343 1072 vivendi⁴

218 1092 255 1156 in
268 1112 366 1176 regno
379 1111 438 1156 sno
451 1091 557 1158 voluit
571 1091 711 1158 tolerare
755 1093 807 1170 Et,
821 1113 896 1158 cum
906 1092 1025 1158 milites
1040 1101 1073 1158 et
1087 1093 1231 1158 officiarii
1244 1093 1341 1158 nnius

217 1179 390 1262 provinciae
414 1178 455 1243 ab
477 1199 516 1244 so
540 1179 696 1256 abierunt,
720 1179 896 1246 vicecomes
919 1178 1050 1245 alterius
1073 1179 1245 1265 provinciae
1267 1199 1342 1244 cum

218 1263 320 1330 electa
343 1264 465 1330 milicia
487 1264 691 1331 sibiobviam
704 1266 855 1332 fecerunt
899 1265 947 1330 Ac
962 1265 1062 1331 eciam
1075 1265 1342 1332 constitucionem

216 1351 315 1417 talem
329 1352 365 1416 in
375 1371 471 1436 regno
480 1351 567 1430 fecit,
576 1357 614 1417 ut
622 1353 843 1438 unusquisque
852 1352 1086 1438 longitudinem
1096 1359 1130 1418 et
1138 1352 1342 1417 latitudinem

217 1438 269 1503 sui
290 1439 429 1523 corporis
450 1438 539 1503 omni
560 1437 612 1504 die
637 1439 795 1504 mtificiali
819 1439 950 1516 foderet,
974 1439 1034 1504 hoc
1059 1444 1108 1505 est
1126 1438 1181 1504 vii
1204 1438 1343 1565 pedum:

218 1525 421 1590 considerans
436 1524 523 1609 quod
537 1525 684 1591 ociositas
698 1530 748 1591 est
761 1526 920 1591 virtutum
933 1525 1072 1592 inimica
1116 1526 1210 1604 Item,
1236 1525 1342 1590 noluit

216 1611 373 1762 Elurimos
386 1611 422 1675 in
435 1631 532 1696 regno
546 1632 603 1677 suo
618 1612 752 1678 tolerare
765 1632 919 1697 equorum
932 1613 1124 1691 eveeciones,
1137 1611 1201 1678 nisi
1214 1617 1342 1677 tantum

249 1697 379 1764 boribus
399 1697 576 1782 deputatos,
596 1699 633 1762 in
654 1719 928 1784 quorumcumque
950 1699 1149 1766 dominorum
1172 1699 1270 1766 curiis
1288 1697 1342 1763 vel

218 1784 357 1850 divitum
392 1783 558 1865 domibus;
590 1785 667 1869 quia
694 1785 795 1850 nimia
822 1785 997 1851 multitudo
1025 1806 1178 1872 equorum
1206 1785 1344 1852 destruit

218 1871 482 1936 sustantaeiones⁶
507 1891 693 1956 pauperum,
717 1871 795 1957 quia
822 1892 881 1937 nec
904 1871 945 1936 ed
969 1872 1191 1938 nenessitatem
1215 1892 1275 1937 nec
1299 1871 1341 1937 ad

217 1957 393 2023 utilitatem
418 1957 534 2022 nutriti
552 1959 690 2023 fuerunt
743 1957 866 2024 Statuit
890 1958 992 2024 eciem
1015 1979 1072 2024 rex
1091 1979 1132 2024 ne
1154 1958 1343 2024 mercandiaa

218 2051 309 2108 extre
332 2064 465 2128 regnum
490 2043 609 2110 alieubi
630 2065 689 2130 per
710 2065 798 2110 mare
819 2045 1000 2121 transirent,
1021 2065 1097 2110 nam
1121 2050 1220 2110 tantae
1245 2065 1343 2110 naves

217 2130 489 2214 periclitabantur,
510 2130 580 2196 eliae
601 2131 808 2216 capiebantur
829 2131 871 2195 ab
891 2130 1016 2196 amulio
1037 2137 1070 2195 et
1090 2130 1240 2208 inimicis,
1254 2130 1342 2215 quod

217 2237 351 2301 regnum
365 2217 400 2281 in
413 2217 478 2282 hiis
499 2216 639 2282 multum
660 2215 937 2302 depaupertetum'
951 2221 1018 2297 sst;
1038 2222 1071 2282 et
1084 2216 1157 2282 ideo
1177 2236 1281 2301 usque
1301 2216 1343 2281 ad

218 2311 340 2368 certum
349 2309 476 2388 tempus
486 2304 600 2368 statuit
633 2303 1043 2389 nodnnllaeextraregnnm
1053 2301 1342 2382 navestransiront,

217 2389 279 2454 sub
300 2409 396 2474 poena
416 2389 598 2455 amissionis
660 2409 793 2470 norum;
813 2394 846 2456 et
859 2389 915 2467 sie,
929 2409 995 2455 non
1009 2389 1155 2454 obstante
1168 2389 1255 2473 quod
1268 2409 1343 2454 cum

217 2495 333 2560 magna
347 2475 534 2541 difficultate
545 2476 745 2541 observatum
762 2480 939 2552 esttamen
952 2475 1063 2541 multa
1073 2495 1180 2553 naves,
1194 2475 1343 2540 omnibus

217 2561 430 2628 mercimoniis
445 2567 591 2641 onerata,
607 2562 643 2626 in
664 2582 760 2647 ragno
774 2562 837 2628 hiis
852 2562 965 2628 diebus
978 2560 1049 2627 aine
1063 2561 1204 2647 periculo
1218 2560 1343 2626 habun-

217 2649 331 2714 danter
355 2654 388 2714 et
420 2648 559 2714 libenter
585 2649 767 2726 veniebant,
799 2669 871 2734 quas
899 2648 983 2714 bona
1009 2668 1068 2733 pro
1095 2649 1196 2726 bonis,
1224 2649 1343 2732 absque

216 2741 384 2801 numerata
411 2735 548 2820 pecunia
578 2736 750 2815 mediante,
776 2734 959 2801 mercandis
990 2735 1098 2800 omnia
1129 2741 1342 2802 mutaverunt

217 2821 367 2888 Inhibuit
390 2823 491 2888 eciam
515 2821 601 2888 idem
624 2843 683 2889 rex
708 2822 794 2907 quod
818 2821 903 2887 nulli
922 2822 1061 2900 omnino,
1083 2822 1148 2887 nisi
1171 2823 1342 2907 burgenses

215 2907 317 2987 liberi,
332 2908 506 2974 dotalibus
519 2909 710 2976 mercandiis
725 2929 760 2975 se
773 2908 1044 2974 intromitterent.8
1072 2908 1197 2986 Quibus
1211 2909 1342 2974 statutis

216 2995 263 3060 sic
277 2996 319 3061 ad
332 3003 461 3081 tempus
482 2996 666 3074 observatis,
679 3017 812 3081 ragnum
829 2996 915 3060 infra
933 3014 1052 3080 paucos
1065 3015 1166 3060 annos
1179 2995 1214 3059 in
1229 2993 1344 3060 fertili-

216 3087 283 3148 tate
298 3086 331 3148 et
345 3082 570 3150 habundancia
584 3083 728 3149 omnium
742 3084 897 3148 bonorum
919 3081 1028 3148 taliter
1040 3081 1156 3159 deurit,
1170 3081 1205 3144 in
1219 3081 1342 3146 artibus

216 3169 398 3247 mecanicis,
413 3169 523 3248 eciam
537 3169 676 3236 metallis
691 3177 724 3234 et
734 3169 881 3247 monetis,
890 3189 963 3235 eum
974 3167 1047 3233 aliis
1058 3167 1206 3233 omnibus
1216 3166 1341 3292 policia

216 3261 250 3320 et
267 3253 357 3320 boni⁹
370 3256 533 3340 regiminis
555 3255 844 3333 commoditatibus,
858 3255 944 3341 quod
958 3253 1216 3320 innumerabiles¹
1243 3273 1341 3319 naves

217 3347 250 3406 et
271 3348 459 3408 mercatores
484 3344 524 3408 ab
549 3343 699 3408 omnibus
718 3343 833 3408 mundi
853 3342 1007 3426 partibus,
1027 3341 1138 3406 audita
1155 3340 1286 3426 justicia
1307 3345 1342 3405 at

216 3428 391 3580 prploilencia
421 3429 513 3514 regia,
541 3429 744 3582 cofflebsnt
767 3429 897 3580 igidpm,
928 3427 1069 3579 dicadqtes
1097 3448 1132 3494 se
1156 3429 1284 3580 {wlff}
1308 3431 1341 3491 et

216 3533 250 3578 m
294 3535 457 3582 orarum
502 3536 573 3582 om
640 3535 870 3580 euameo
945 3534 1112 3580 auvrsse
1176 3535 1199 3579 n
1246 3533 1340 3578 num

217 3601 305 3667 enim
326 3537 661 3688 rognumglpflentum
672 3537 822 3680 (devenit,
843 3535 931 3687 qlld
950 3601 1131 3682 Lumbardi,
1158 3601 1197 3666 de
1222 3601 1340 3666 finibus

217 3687 334 3752 Ytaliae
347 3689 521 3767 venientes,
541 3689 577 3754 in
598 3709 694 3774 regno
715 3688 880 3754 inlinitum
900 3708 1013 3754 aurum
1034 3693 1067 3753 et
1086 3693 1251 3774 arpentum
1266 3707 1340 3752 cum

216 3772 367 3860 preciosis
387 3773 550 3859 lapidibus
571 3780 823 3860 asportaverunt,
838 3795 874 3840 ac
895 3775 932 3839 in
945 3794 1041 3859 regno
1062 3774 1224 3853 aedificare,
1239 3778 1272 3838 et
1284 3793 1343 3858 per

216 3881 251 3926 se
265 3859 428 3926 civitatem
437 3861 473 3925 in
486 3868 596 3928 monte
604 3861 720 3927 Portus
730 3861 885 3946 Reginae¹⁰
895 3867 1074 3928 construere
1084 3862 1151 3946 regi
1159 3859 1341 3938 offerebant,

216 3947 324 4012 autin
336 3945 444 4012 insula
457 3969 555 4034 prope
570 3947 786 4026 Oraumond,¹¹
806 3967 878 4034 rege
898 3948 944 4014 eis
958 3949 998 4014 de
1011 3947 1186 4040 priyilegiis
1200 3951 1233 4012 et
1246 3944 1341 4010 libar-

215 4032 337 4099 tatibus
348 4033 465 4100 debitis
479 4041 513 4100 et
525 4035 688 4120 requisitis
708 4033 905 4120 providente.
950 4033 1043 4113 Quod
1057 4034 1103 4100 eis
1117 4031 1343 4099 concordatum

263 4246 273 4282 ¹
286 4247 313 4302 0.
327 4247 360 4300 D.
374 4247 404 4302 Ε.
417 4249 479 4300 matt
489 4247 597 4302 solebat
669 4243 723 4302 ¹11
737 4247 767 4300 Ο.
780 4247 810 4300 R
823 4245 952 4300 delectur.
1025 4243 1081 4298 ⁸1).
1094 4245 1218 4300 deiectos.

263 4316 275 4353 ⁴
286 4319 314 4372 0.
327 4317 357 4372 Ee
371 4319 538 4386 vivendique.
1027 4313 1040 4354 ⁸
1052 4317 1082 4369 R
1092 4317 1178 4368 Unde.

263 4387 315 4442 ⁸0.
329 4389 359 4442 R
372 4389 602 4443 smtmtaoionem.
669 4385 722 4440 lli.
736 4386 950 4456 depanperatnm.
1026 4384 1077 4440 ⁸0.
1090 4387 1120 4454 E
1134 4385 1321 4440 intromittent.

263 4457 361 4514 ο(1.1).
375 4459 406 4513 E.
418 4460 501 4512 banaa
661 4456 683 4492 ¹⁰
694 4459 723 4512 0.
737 4459 768 4510 D.
782 4459 813 4512 Ε.
826 4459 880 4512 add
891 4463 926 4509 et.
1017 4455 1038 4492 ¹²
1051 4457 1079 4512 0.
1092 4455 1124 4509 D.
1138 4457 1167 4512 Ε.
1182 4457 1349 4537 Οπιιιιιοιιὴζ

768 4543 791 4591 ll
