3286 5112
337 470 399 530 314
710 482 806 534 tinne
821 482 1094 534 PLUSOARDRNSIS.

334 638 462 706 Bervici
475 661 532 725 per
546 639 664 707 Scotos.
708 641 829 708 Eodem
844 661 928 707 enno
942 647 1038 707 nctus
1051 645 1101 706 eet
1111 639 1178 706 dux
1193 638 1339 706 Rotbeei¹
1349 639 1466 721 David,

333 734 445 811 postes
458 728 544 794 ieme
563 729 776 814 interemptus
792 749 849 814 per
869 728 985 794 ducem
999 728 1145 793 Albenie
1167 728 1352 807 Robertum,
1366 748 1467 794 evun·

183 843 237 881 en.
249 831 315 884 1⁸79.
334 813 445 880 culum
454 816 534 901 ejus,
544 835 628 881 enno
638 815 699 882 vir.
710 815 845 881 Domini
855 822 966 881 rr⁰ccc⁰
976 811 1092 881 lxiiii.²
1121 815 1221 880 Anno
1230 835 1306 880 vero
1316 817 1466 901 sequenti

333 918 439 966 comes
467 902 508 968 de
535 901 678 988 Dougles
706 902 901 980 willelmus,
928 907 1116 987 congregato
1147 901 1290 967 exercitu
1318 902 1355 967 in
1382 903 1466 968 festo

333 987 552 1054 nundinarum
565 989 652 1054 ville
673 989 713 1054 de
735 988 896 1068 Peuretb,8
909 989 945 1054 in
965 988 1115 1073 provisis⁴
1127 987 1258 1053 villenis
1272 987 1385 1054 villum
1404 989 1465 1055 cir-

333 1074 513 1176 cumclusit,
527 1094 565 1141 ec
586 1075 755 1178 spoliando
776 1076 868 1142 bonis
890 1077 965 1161 igne
986 1075 1194 1176 consumpsit,
1207 1074 1320 1141 multis
1340 1076 1464 1154 occisis,

332 1166 492 1313 liiii
511 1162 1464 1334 illildtldlbdltblttitltllli

331 1339 390 1398 ent
407 1333 501 1400 eliber
514 1336 620 1401 relicti
632 1335 668 1401 in
681 1335 769 1413 ville,
782 1355 892 1400 eorum
907 1335 1002 1420 culpe
1015 1335 1185 1420 perierunt
1231 1335 1375 1401 Cessent
1389 1355 1464 1421 ergo

331 1420 433 1486 fleturi
446 1442 467 1486 e
479 1421 600 1488 telibus
620 1422 757 1488 eliorum
778 1420 933 1506 exemplo.
976 1422 1098 1487 Eodem
1114 1423 1216 1486 eciem
1229 1442 1314 1487 suno
1328 1422 1463 1507 incipie-

331 1506 389 1572 bet
401 1507 500 1574 tercie
512 1509 701 1589 mortalitas,
714 1509 772 1574 ubi
786 1509 934 1574 similiter
947 1527 1064 1594 megue
1084 1527 1158 1593 pers
1178 1509 1357 1594 incolerum
1371 1510 1464 1594 regni

330 1593 520 1677 pestilencia
539 1595 684 1660 extincte
704 1600 761 1661 est
805 1595 848 1659 Iu
868 1595 1017 1679 sequenti
1032 1615 1108 1660 vero
1128 1614 1223 1674 enno,
1236 1596 1273 1660 in
1292 1595 1463 1681 principio,

330 1679 461 1764 Anglici
482 1701 557 1762 cum
577 1686 772 1747 ermetorum
792 1680 1001 1746 multitudine
1023 1699 1060 1746 co
1083 1681 1152 1746 ioee
1164 1682 1201 1746 in
1215 1683 1334 1747 Scocise
1354 1690 1462 1767 pertee

331 1766 556 1833 occidente-les⁶
570 1767 780 1846 intraverunt,
792 1773 827 1832 et
840 1767 944 1833 multe
956 1767 1043 1832 mdo
1056 1701 1221 1849 Keoorunm
1243 1767 1301 1834 sed
1314 1769 1463 1852 petriotae

330 1850 420 1919 illius
436 1855 617 1939 provincie,
631 1854 774 1942 collectis
788 1854 990 1932 exercitibus,
1004 1853 1041 1919 in
1054 1855 1122 1920 eos⁶
1130 1854 1238 1920 subito
1251 1855 1287 1920 in
1302 1855 1377 1920 forti
1390 1854 1463 1922 loco

331 1939 472 2023 quodem
485 1940 659 2023 irruerunt;
680 1947 714 2007 et
728 1941 902 2006 meximem
916 1947 1054 2026 stragem
1067 1941 1103 2005 in
1117 1961 1171 2007 eos
1185 1941 1347 2020 iacientes,
1357 1943 1462 2027 ceptis

331 2025 533 2109 quibusdem,
553 2029 627 2094 eliis
648 2028 769 2107 occisis,
789 2027 913 2113 praedes
934 2047 1007 2093 curn
1030 2028 1167 2113 captivis
1187 2028 1364 2095 incolumes
1385 2050 1463 2096 cum

331 2113 379 2176 eis
392 2113 546 2180 ducentes
559 2115 743 2181 redieruntl

372 2373 534 2460 Seuius
547 2376 584 2446 br
596 2375 789 2462 waben
803 2375 1108 2446 cunemine
1120 2376 1209 2462 rete
1221 2375 1367 2460 &merie
1380 2378 1419 2447 ic

492 2475 644 2559 §toene
658 2477 785 2554 meis,
802 2497 871 2546 ecoe
884 2476 1207 2564 toeneium-[u
1222 2477 1289 2566 iii]

180 2654 233 2692 ω-
246 2645 312 2694 1³⁸1·
326 2615 506 2716 ΜΟ
527 2641 663 2708 nomm
677 2639 896 2709 nomm
916 2640 1008 2707 mnis
1027 2662 1084 2708 ιω
1107 2641 1265 2708 essese
1279 2641 1462 2708 weseram

330 2728 371 2794 de
391 2729 562 2808 Werdlevv,
583 2731 769 2814 episcopum
791 2729 1019 2795 Glescuensem
1040 2733 1138 2813 etque
1162 2728 1365 2808 cardinalem
1385 2750 1463 2794 cum

329 2815 410 2893 eliis,
431 2815 531 2901 epud⁹
552 2816 718 2894 Kerolum,
738 2816 882 2881 Francius
902 2835 1016 2902 regem,
1037 2815 1079 2880 ed
1099 2815 1318 2882 renovandum
1340 2817 1462 2882 conioe·

329 2900 513 2968 dcrsciones
527 2922 696 2988 regnorum
710 2903 869 2986 antiquas,
883 2902 919 2967 in
932 2903 1035 2967 forme
1048 2923 1122 2986 quae
1136 2903 1282 2987 sequitur
1290 2925 1341 2967 :-

373 2989 523 3067 Kerolus,
536 2989 601 3054 Dei
614 2989 720 3074 grecie
733 3009 790 3053 rex
804 2990 1008 3066 Francorum,
1021 2989 1180 3054 universis
1195 2994 1229 3054 et
1243 2988 1379 3074 singulis
1399 2988 1461 3055 hes

328 3073 437 3141 litores
445 3074 563 3140 visuris
572 3076 626 3140 vel
636 3075 794 3141 audituris
804 3081 918 3140 notum
929 3075 1090 3142 fecimus¹⁰
1099 3074 1194 3159 quod,
1206 3075 1463 3156 cum,·interelis

328 3181 424 3247 opere
437 3181 581 3247 perque
601 3182 690 3248 reges
710 3167 847 3246 regnent
860 3167 894 3226 et
906 3181 1004 3247 regne
1024 3160 1250 3246 gubernentur,
1265 3161 1461 3229 conveniens

328 3254 379 3314 est
403 3253 437 3315 et
459 3249 674 3316 necessarium
699 3247 786 3333 quod
810 3247 910 3313 firme
935 3247 1089 3314 emiciciae
1113 3248 1401 3314 conioedereciones
1427 3256 1462 3314 et

327 3333 503 3420 ligamenta
526 3335 612 3401 iuter
634 3335 797 3421 principes
819 3340 1058 3412 connectentur,
1080 3354 1139 3420 per
1161 3335 1250 3419 quod
1273 3335 1462 3421 greveinine

326 3422 496 3506 regnicolis
516 3423 633 3488 inferre
646 3422 830 3488 volentibus
844 3421 967 3487 firmius
981 3421 1147 3487 resistetur
1161 3429 1194 3487 et
1208 3441 1319 3487 eorum
1338 3425 1462 3488 coned-

326 3508 388 3574 bus
401 3509 508 3575 noxiis
521 3509 719 3575 commodius
733 3509 891 3590 obvietur,
900 3527 965 3592 pex
979 3509 1082 3573 eciem
1095 3513 1129 3573 et
1142 3507 1359 3634 tmnpuillitee
1374 3509 1463 3575 inter

327 3595 534 3662 Christicolas
545 3594 795 3662 conserventur¹¹
805 3601 839 3662 et
851 3595 968 3661 exinde
982 3595 1223 3680 mmmmm?
1253 3615 1312 3661 nos
1326 3595 1463 3681 igitur,¹⁸

327 3683 562 3749 considerantes
571 3682 657 3768 quod
667 3683 821 3748 amicicie
829 3687 863 3749 et
871 3681 1157 3747 confoedcroeiones
1165 3681 1463 3768 benevolaeelonge

326 3769 524 3855 temporibus
548 3770 712 3836 retroectis
740 3770 826 3835 iuter
853 3768 1099 3854 predecessores
1120 3774 1254 3847 nostros,
1277 3784 1368 3856 reges
1389 3789 1463 3856 reg-

325 3875 441 3923 norum
453 3856 596 3922 Frende
607 3855 802 3934 etScociae,¹⁴
810 3875 935 3921 necnon
949 3855 1034 3920 inter
1050 3855 1160 3941 [regne
1173 3855 1220 3940 et]
1234 3855 1411 3942 regnicolas
1426 3865 1463 3923 et

374 4039 384 4075 ¹
396 4041 426 4094 B.
440 4041 468 4094 0.
481 4041 513 4094 D.
526 4041 560 4092 Ε.
573 4041 684 4107 Roeeye.
790 4038 802 4074 ¹
813 4041 842 4093 Β.
855 4042 928 4096 lxxx.
1140 4041 1190 4094 lii
1204 4041 1235 4094 Ε.
1248 4041 1376 4107 Penrytb.

373 4109 710 4180 ⁴B.0.D.E.inprovisis.
778 4106 1066 4167 descendentes
1138 4109 1292 4166 ‘uncie

374 4177 427 4234 τΟ.
440 4182 617 4237 mensum
652 4183 684 4234 ll.
699 4182 734 4234 erl
744 4183 849 4249 proprie
859 4183 1003 4236 redierunt.

296 4275 298 4278 ·
374 4249 386 4285 ⁸
397 4251 425 4304 0.
438 4253 471 4305 D.
485 4253 514 4306 Ε.
529 4253 762 4314 embessetoribue,
774 4253 829 4304 end
839 4269 867 4306 sc
874 4257 981 4320 possins

373 4319 425 4375 οΟ.
439 4323 470 4374 lt
483 4323 537 4375 odd
547 4322 690 4375 dominum
774 4321 796 4357 ¹⁰
807 4324 836 4378 0.
849 4324 880 4376 Ε.
893 4323 1011 4377 fecimus
1130 4319 1150 4357 ¹¹
1164 4323 1191 4376 O.
1205 4321 1235 4376 ll
1249 4320 1416 4377 observetur.

362 4390 384 4426 ¹²
396 4393 425 4444 B.
438 4398 640 4460 mmequeutur.
775 4391 796 4428 ¹⁸
808 4393 837 4447 C.
852 4395 883 4447 R
895 4397 958 4446 orell
969 4395 1057 4464 igitur.
1094 4392 1126 4447 D.
1140 4395 1229 4446 deletes
1241 4397 1268 4447 it.

362 4461 384 4496 ¹⁴
395 4463 424 4516 (l.
439 4461 469 4516 lt.
483 4465 539 4516 add
550 4470 578 4516 st
590 4463 713 4517 Francia.
750 4464 782 4515 D.
796 4465 864 4516 udde
875 4469 904 4516 et
915 4464 1013 4517 Scocise
1024 4469 1053 4516 et
1065 4464 1190 4517 Frenciae.
