3284 5122
330 425 369 490 4³4
701 437 1081 490 nrauasauscaaorrsrs.

327 599 447 676 volens,
472 597 649 681 bina-vice
678 596 828 683 operariis
850 595 989 682 turpiter
1012 594 1138 680 fugatis,
1160 593 1353 679 quibusdam
1377 614 1454 662 vero

326 685 528 769 interemptis
543 683 583 748 de
597 684 792 761 custodibus,
803 683 995 768 quibusdam
1010 681 1166 762 abductis,
1175 702 1294 747 novum
1306 683 1454 748 funditus

326 771 444 836 evertit
458 791 546 856 opus.
577 771 711 854 Propter
724 770 811 854 quod
824 791 882 834 rex
894 771 918 836 J
919 768 1061 833 ohannes
1072 769 1371 847 furore-aucoensus,
1379 790 1455 835 con·

327 863 454 942 gregato
469 857 619 935 exercitu,
633 857 830 922 eversionem
850 856 927 920 nori
940 855 1044 939 operis
1058 855 1220 921 vindicare
1241 857 1318 920 totis
1332 855 1454 922 viribus

327 949 478 1024 conatur;
491 950 525 1008 et
538 944 624 1009 dicto
638 943 706 1028 regi
718 942 882 1008 willelmo
896 941 1017 1007 bellum
1027 941 1143 1006 inferre
1156 941 1338 1026 disponens,
1352 963 1455 1027 usque

312 1063 313 1066 ¹
327 1031 371 1094 ad
380 1031 527 1110 Norame,
538 1050 636 1115 prope
649 1030 771 1094 flumen
785 1029 825 1094 de
836 1028 963 1106 Tuede,¹
974 1029 1122 1112 potencia
1134 1027 1244 1092 valida
1257 1030 1455 1112 perveniens,

326 1116 393 1201 regi
414 1116 578 1182 willelmo
600 1116 686 1200 apud
708 1115 883 1200 Roxburgh
904 1113 1055 1180 existenti
1069 1114 1204 1180 nuncios
1218 1113 1406 1180 insidiamm
1420 1123 1455 1185 et

328 1203 516 1268 diffidenciae
537 1202 721 1268 transmisit
765 1201 837 1266 Rex
849 1221 926 1268 vero
938 1200 1131 1279 willelmus,
1145 1200 1368 1286 praedictorum
1388 1222 1455 1269 non

327 1289 458 1368 inscius,
478 1290 515 1354 in
536 1289 720 1374 oppositum
744 1288 911 1372 magnilica
932 1287 1086 1366 munitus,
1100 1307 1144 1365 se,
1158 1307 1234 1353 auos
1256 1294 1290 1352 et
1310 1309 1369 1353 sua
1378 1290 1454 1373 jura

327 1377 545 1442 strenuissime
560 1375 728 1442 defendere
742 1375 880 1458 paravit;
901 1374 1010 1459 sicque
1028 1373 1144 1440 deindo
1164 1374 1292 1440 nunciis
1305 1373 1453 1458 plurimis

325 1461 405 1528 ,hinc
419 1462 494 1527 inde
508 1461 711 1539 transmissis,
733 1481 807 1527 cum
821 1460 964 1545 epistolis
977 1459 1150 1526 literatorie
1165 1459 1249 1526 datia
1262 1466 1296 1526 et
1309 1462 1454 1546 receptis,

327 1569 385 1613 rex
405 1549 589 1614 willelmus
614 1549 717 1614 sciens
742 1568 777 1612 se
795 1548 918 1631 justam
946 1546 1108 1631 querelam
1132 1547 1258 1626 habere,
1278 1547 1320 1612 ad
1344 1548 1453 1612 delen-

323 1633 449 1703 sionem
460 1635 542 1720 juris
556 1633 608 1700 sui
621 1633 829 1700 immobiliter
842 1641 875 1698 et
889 1634 1029 1699 animose
1042 1632 1265 1718 permanendo,
1274 1633 1373 1699 nullis
1383 1655 1455 1700 ver-

327 1722 377 1786 bis
386 1723 478 1787 vanis
489 1727 546 1786 aut
555 1721 816 1807 persuasionibus
825 1720 1012 1804 deceptoriis
1026 1719 1191 1786 intendere
1201 1720 1336 1786 volebat
1384 1720 1454 1786 Rex

327 1827 402 1872 vero
423 1808 550 1894 Anglias
574 1808 668 1894 plma
690 1807 842 1872 mandata
863 1812 897 1872 et
918 1805 1156 1872 exhortaciones
1177 1804 1345 1891 plurimas²
1365 1805 1452 1872 dicto

327 1893 501 1973 willelmo,
510 1893 781 1961 intercedentibus
802 1892 950 1978 praelstis,
960 1891 1165 1958 multiformis
1179 1892 1365 1972 transmisit,
1380 1913 1452 1977 quar

328 2001 388 2045 nec
403 2000 478 2046 vera
499 2002 558 2048 nec
575 1981 643 2066 juri
664 2001 802 2047 consona
816 1986 873 2044 aut
893 1978 1070 2044 incolarum
1091 1979 1181 2064 regni
1195 1979 1290 2045 utilia
1302 1977 1456 2058 fuerunt?

326 2066 384 2132 sed
405 2067 535 2133 omnino
556 2074 667 2134 contra
687 2067 806 2152 regiam
827 2066 1025 2150 majestatem
1049 2072 1082 2131 et
1103 2066 1192 2151 regni
1212 2066 1393 2132 libertatem
1414 2085 1452 2131 ao

327 2153 503 2220 incolarum
513 2155 689 2220 utilitatem
697 2159 795 2219 arant
828 2153 952 2232 Quibus
967 2152 1115 2217 omnibus
1126 2152 1295 2230 evacuatis,
1305 2152 1452 2218 refutatis

325 2246 359 2305 et
373 2242 520 2320 exclmis,
534 2261 591 2306 rex
601 2241 666 2306 alia
675 2241 794 2326 majora
804 2239 923 2305 eisdem
938 2259 972 2304 se
986 2239 1131 2324 protinus
1142 2239 1323 2305 inserenda⁴
1332 2259 1453 2304 assem-

326 2323 401 2407 bat;
419 2328 537 2412 quibus
551 2329 700 2393 omnibus
722 2327 780 2391 alti
794 2325 897 2391 cordis
912 2325 1147 2391 intencionibus
1162 2325 1453 2404 nonobstantibus,

325 2411 594 2480 intercedentibus
605 2413 773 2498 utriusque
783 2413 872 2496 regni
882 2411 1022 2496 praelatis
1033 2431 1070 2476 ac
1080 2411 1153 2477 aliis
1163 2413 1352 2496 proceribus,
1362 2412 1451 2497 pacis

326 2501 529 2578 amatoribus,
538 2521 596 2565 rex
609 2499 795 2584 Anglorum
806 2498 864 2582 qui
877 2499 997 2582 majora
1010 2498 1046 2562 in
1059 2497 1203 2582 partibus
1214 2497 1328 2564 Galliae
1336 2498 1452 2564 habuit

325 2586 511 2670 peragenda,
526 2606 600 2651 cum
620 2605 694 2670 rege
715 2585 890 2661 Scotorum,
904 2583 1138 2668 consanguineo
1159 2605 1227 2663 suo,
1240 2584 1453 2652 amicabiliter

325 2671 533 2738 concordatus
547 2680 605 2750 est,
619 2671 696 2738 licet
709 2671 766 2734 diu
780 2669 926 2755 posthoc
940 2688 1006 2735 non
1020 2669 1156 2736 duravit

326 2985 329 2998 ,
384 2925 546 3013 §mattea
558 2927 595 2998 br
605 2927 826 2998 sueoniae
839 2927 1022 3015 suasore
1032 2927 1064 3000 at
1076 2929 1314 3016 samur-a
1328 2928 1375 3002 xl.

327 3037 612 3146 F’OSTQUAM
627 3066 725 3153 igitur
737 3087 794 3134 rex
803 3067 996 3147 willelmus,
1006 3068 1064 3154 qui
1074 3070 1131 3136 diu
1140 3069 1298 3154 posterius
1312 3069 1452 3156 graviter

327 3153 554 3232 infirmabatur,
568 3155 739 3233 convaluit,
755 3159 876 3220 etcum
896 3175 968 3240 rego
981 3153 1158 3240 Anglorum
1179 3153 1339 3223 inducias⁶
1358 3159 1448 3242 pacis

324 3239 561 3323 aliquantulum
582 3240 728 3318 habebat,
742 3239 875 3306 consilio
895 3241 1035 3326 generali
1047 3261 1106 3343 per
1120 3263 1194 3308 eum
1214 3244 1302 3329 apud
1316 3243 1451 3328 Stirling

323 3331 423 3404 tento,
451 3333 484 3390 et
512 3327 641 3392 nunciis
671 3327 779 3392 missis
806 3327 959 3411 praedicto
989 3349 1057 3413 regu
1085 3327 1249 3395 willelmo
1280 3351 1339 3417 pro
1369 3351 1448 3415 pace

323 3411 470 3477 habenda
484 3418 517 3477 et
530 3419 601 3478 tute
615 3413 779 3491 firmanda,
792 3413 926 3479 nuncios
940 3414 1063 3481 nobiles
1077 3413 1218 3496 remisit;
1240 3418 1358 3502 quibus
1374 3436 1448 3482 cum

323 3518 432 3563 eorum
447 3497 711 3565 instructionibus
733 3499 861 3578 auditis,
876 3519 932 3564 rex
945 3499 969 3566 J
970 3500 1111 3566 ohannes
1125 3502 1219 3587 quasi
1231 3503 1328 3569 suriel
1341 3508 1447 3567 tactus

323 3584 496 3663 insaniens,
505 3592 538 3651 et
548 3591 624 3652 vota
637 3607 753 3672 magna
763 3605 868 3671 regem
883 3594 917 3651 et
930 3607 1063 3672 regnum
1079 3587 1211 3654 Soociae⁸
1223 3589 1448 3654 comminando

323 3673 481 3750 emittens,
497 3671 608 3737 nuncii
616 3674 733 3738 reversi
747 3693 822 3739 cum
835 3673 994 3757 responsis
1008 3694 1074 3738 non
1084 3675 1240 3760 gratuitis,
1248 3695 1354 3761 regem
1365 3675 1448 3739 wil-

321 3757 455 3823 lelmum
476 3758 563 3843 apud
584 3759 694 3823 Forfar
712 3759 921 3836 invenientes,
936 3759 1040 3825 eidem
1060 3782 1201 3827 rumores
1223 3767 1257 3828 et
1277 3783 1361 3827 nova
1381 3781 1448 3827 non

323 3845 466 3909 multum
486 3845 650 3930 placencia
663 3850 697 3910 et
710 3845 876 3930 inopinata
892 3847 1077 3912 retulerunt
1124 3849 1204 3928 Quae
1218 3869 1292 3914 cum
1306 3847 1449 3913 audisset

322 3951 380 3996 rex
406 3930 598 4010 willelmus,
612 3933 723 3996 statim
745 3931 879 3997 consilio
901 3930 1021 4012 habito,
1041 3935 1149 4000 omnia
1170 3935 1300 4000 castella
1321 3941 1355 4000 et
1378 3933 1450 4000 loca

367 4126 377 4160 ¹
390 4128 418 4181 Ο.
432 4127 463 4180 Ε.
476 4127 590 4182 Tweida.
1029 4127 1082 4182 ²0.
1095 4131 1126 4184 E.
1139 4131 1235 4199 plures

367 4195 418 4250 ⁸0.
432 4199 461 4249 E
475 4202 535 4250 ornat
546 4197 743 4260 aut-fuerunt,
758 4199 813 4250 aad
823 4197 878 4249 add
889 4195 1055 4252 videbantur.

366 4265 377 4300 ⁴
389 4269 529 4321 inserenda
539 4272 565 4320 in
577 4271 680 4334 ararffi'a
691 4269 762 4321 lotar.
799 4269 827 4322 O.
840 4268 871 4319 E.
884 4268 988 4322 interra.
1025 4267 1056 4322 Β,
1068 4270 1100 4324 D.
1113 4269 1257 4325 inferenda.

367 4335 379 4370 ⁶
391 4339 419 4391 C.
433 4339 462 4390 lu
476 4343 537 4391 omit
548 4343 576 4392 et
587 4339 702 4406 perfidia.
1027 4339 1039 4374 ⁶
1050 4341 1168 4396 inducias
1181 4347 1207 4395 ia
1219 4347 1320 4409 marala
1332 4345 1404 4398 later.

367 4405 378 4442 ²
391 4410 418 4460 0.
429 4409 498 4460 lario
507 4411 602 4462 abead
613 4417 639 4462 to
647 4409 723 4462 luris.
760 4409 789 4461 bl
800 4408 876 4462 iuria
951 4451 955 4457 .
1026 4407 1037 4445 ⁸
1049 4411 1078 4463 a
1091 4415 1164 4465 omits
1175 4413 1279 4466 Sessias
