3282 5124
319 511 379 570 164
690 523 786 572 urens
802 521 1070 572 rossemannas.

317 678 428 742 cadere
456 684 607 763 poterunt
634 678 670 742 in
699 679 850 745 stentem¹
871 681 986 757 virum,
1011 683 1050 744 ut
1074 675 1217 756 ciliciis,²
1240 697 1446 761 nequaquam

318 763 502 918 iddbdffi
520 767 594 850 jure
610 766 790 846 subsistere,
803 773 862 832 aut
881 768 918 831 in
939 765 1097 850 ejusdem*
1117 765 1207 850 regni
1227 764 1450 850 praejudicium

427 1073 588 1160 §maritat
602 1076 641 1145 st
657 1075 716 1146 lter
725 1077 762 1144 tr
775 1076 888 1154 mrem,
902 1077 934 1144 st
948 1074 1225 1145 sacrm-c.
1241 1076 1339 1144 xxxii.

321 1213 620 1324 fflAErfflfflUM
634 1239 817 1304 nullatenus
831 1239 924 1304 nobis
934 1237 1074 1314 venitin
1088 1237 1231 1315 dubium,
1243 1237 1323 1322 quin
1335 1237 1447 1322 pocius

318 1324 397 1390 certi
411 1345 531 1403 snmus,
542 1326 636 1410 quod,
648 1347 723 1391 cum
734 1326 915 1410 apostolica
925 1325 1008 1390 sedis
1020 1324 1203 1409 precellens
1218 1323 1379 1402 autoritas,
1390 1344 1448 1408 per

318 1431 393 1476 suas
407 1411 523 1489 literas,
537 1413 574 1477 in
588 1413 715 1497 Angliae
730 1418 762 1477 et
776 1412 895 1477 Scociae
915 1413 1022 1496 regnis
1044 1410 1141 1476 simul
1162 1411 1259 1475 alicui
1273 1411 1448 1475 committit

318 1497 490 1582 legacionis
513 1498 657 1564 officium·
676 1499 906 1583 exequendum,
929 1498 989 1577 vel,
1011 1518 1068 1583 pro
1094 1498 1207 1583 quevis
1232 1517 1328 1562 causa
1350 1517 1448 1581 quarn

317 1582 543 1649 racionabilem
571 1589 707 1668 reputat,
736 1585 867 1650 decimae
896 1585 1091 1650 solucionem
1115 1584 1238 1662 indicit,
1262 1584 1447 1670 hujusmodi

317 1669 499 1754 apostolicae
520 1670 621 1735 literae
642 1669 684 1734 ad
701 1673 868 1754 praefatum
890 1671 1008 1737 Scocise
1030 1692 1163 1756 regnum
1185 1691 1220 1736 se
1244 1671 1447 1755 aliquatenus

317 1774 383 1819 non
394 1756 548 1833 extendit,
558 1757 689 1841 speciali
699 1758 859 1842 praedictae
872 1758 956 1824 sedis
967 1757 1148 1842 apostolicae
1157 1758 1328 1842 previlegio
1343 1758 1447 1823 Scotis

318 1841 444 1906 indulto
473 1843 602 1926 penitus
631 1844 822 1910 obsistente:
852 1843 959 1928 prout⁶
988 1852 1128 1928 ternpore
1157 1845 1259 1909 felicis
1287 1845 1447 1910 memoriis

318 1927 453 1992 Adriani
473 1949 572 2015 papae,
581 1930 817 2016 praedecessoris
831 1931 941 2008 nostri,
955 1936 1033 1996 tunc
1047 1931 1158 1996 Sancti
1172 1929 1307 1995 Adriani
1321 1931 1448 1996 diaconi

318 2013 496 2092 cardinalis,
511 2023 543 2082 et
558 2037 615 2102 per
628 2017 730 2102 ipsius
746 2017 855 2083 literas
876 2017 975 2082 simul
989 2019 1025 2081 in
1038 2017 1143 2102 regnis
1158 2017 1237 2102 ipsis
1252 2016 1358 2103 legati,
1372 2038 1446 2083 eum

318 2121 381 2187 quo
396 2101 596 2169 familiariter
608 2112 688 2169 tunc
709 2125 842 2182 cremus,
857 2103 992 2190 contigit
1009 2104 1179 2169 evidenter.
1223 2104 1257 2167 N
1257 2123 1309 2168 arn
1322 2104 1446 2190 legatus

317 2187 387 2273 ipse
411 2189 452 2254 ed
477 2191 648 2274 praefatum
671 2213 805 2277 regnum
831 2191 950 2258 Socciae
975 2190 1177 2276 aliquetenus
1197 2191 1356 2256 admissus
1381 2212 1447 2255 non

317 2275 436 2354 extitit,
458 2277 566 2358 donec,
586 2299 643 2363 per
663 2278 772 2344 literas
794 2278 984 2362 apostolicas
1007 2277 1169 2363 speciales,
1193 2278 1255 2342 sibi
1274 2277 1446 2363 legacionis

317 2362 457 2428 officium
478 2365 683 2430 commissum
697 2365 800 2431 fuerat
814 2365 850 2429 in
863 2365 982 2431 eodem.
1027 2365 1182 2429 Pneterea
1201 2384 1330 2429 noscere
1343 2370 1449 2449 potest

318 2449 404 2532 regia
422 2449 579 2516 celsitudo
594 2451 731 2535 qualiter
751 2472 808 2536 per
829 2451 915 2516 beati
935 2451 1074 2516 Andreae
1095 2451 1230 2534 apostoli
1251 2451 1446 2517 venerandas

317 2535 477 2619 reliquias,
502 2558 568 2602 non
594 2538 662 2603 sine
688 2557 832 2623 supernae
854 2537 1043 2602 muniminis
1063 2537 1177 2622 grandi
1201 2537 1293 2614 dono,
1314 2557 1447 2623 regnum

318 2621 437 2685 Scocise
465 2623 659 2708 acquisitum
688 2629 721 2688 et
750 2644 937 2689 conversum
966 2624 1076 2688 extitit
1104 2625 1145 2688 ed
1173 2624 1249 2690 fidei
1274 2624 1447 2689 Catholicae

318 2706 496 2774 veritatem.
543 2709 688 2786 Qualiter
710 2710 819 2787 eciam,
845 2710 986 2794 antiquis
1011 2710 1217 2794 temporibus,
1239 2711 1446 2775 Eborscensis

320 2792 576 2879 archiepiscopus
590 2795 648 2878 qui
668 2802 747 2860 tunc
769 2802 844 2873 erat,
858 2802 946 2860 mota
966 2817 1111 2882 pereum
1132 2817 1227 2882 super
1244 2797 1316 2882 jure
1328 2803 1447 2862 metro-

318 2878 462 2964 politano
485 2881 634 2946 adversus
655 2881 802 2965 praelatos
826 2881 946 2962 Scociae
974 2884 1158 2967 quaestione,
1178 2885 1215 2947 in
1239 2904 1303 2968 qua
1323 2884 1447 2949 dictum

319 2965 499 3050 antiquitus
524 2965 623 3033 luisse
651 2975 884 3046 commemorat,
906 2969 944 3034 s⁶
971 2969 1121 3035 Memno
1150 2971 1231 3054 quod
1256 2973 1306 3034 teci
1332 2991 1446 3046 acam,

319 3059 503 3136 etc.,—quee
513 3053 634 3118 ibidem
647 3053 789 3139 posthoc
802 3061 958 3138 sequntur
972 3053 1103 3122 silencio
1117 3056 1446 3141 relinquimus—per⁷

320 3159 355 3204 se
368 3144 478 3204 temen
492 3141 689 3206 sentenciam
703 3141 847 3225 optinere
858 3142 1056 3226 nequiverat:
1071 3143 1219 3226 quamvis
1234 3143 1296 3208 elia
1309 3142 1403 3228 plura
1413 3147 1447 3208 et

318 3225 416 3303 varia,
430 3245 503 3309 quse
523 3226 560 3290 in
581 3225 640 3292 hec
661 3235 751 3328 parte
772 3228 1005 3294 racionabiliter
1024 3230 1229 3313 proponenda
1250 3251 1284 3295 se
1301 3230 1447 3306 offerunt,

320 3330 362 3462 i}
382 3312 622 3465 silentii
635 3313 892 3466 mene
915 3317 1447 3488 ”stiricidium

320 3491 496 3568 generetur.
540 3485 695 3565 Profecto,
716 3487 764 3551 fili
785 3421 959 3565 kldrilslssime
981 3488 1064 3553 infra
1086 3488 1223 3555 claustra
1243 3490 1379 3576 pectoris
1397 3489 1446 3554 tui

321 3569 445 3636 solicite
470 3573 666 3640 considerare
691 3581 724 3640 te
747 3574 905 3652 convenit,
930 3581 964 3640 et
989 3575 1158 3660 diligenter
1182 3577 1352 3642 attendere
1397 3577 1448 3640 Ex

321 3657 439 3742 quibus
453 3659 535 3723 nulli
550 3660 613 3746 [in]
630 3661 765 3726 dubium
778 3661 890 3726 veniet
903 3682 1037 3747 regnum
1058 3662 1177 3728 Scociae
1190 3662 1393 3748 prelibatum
1407 3663 1449 3727 ed

320 3745 486 3895 prefatam
508 3746 673 3812 ecclesiam
687 3749 866 3813 Romanam
879 3747 975 3834 pleno
986 3749 1058 3832 jure
1072 3749 1249 3832 pertinere:
1271 3751 1357 3835 quod
1371 3748 1450 3814 non⁸

336 3831 405 3911 cet,
420 3852 480 3898 nec
494 3853 639 3917 unquam
659 3835 760 3912 licuit,
773 3835 810 3900 in
830 3835 932 3919 ipsius
955 3835 1094 3900 ecclesiae
1115 3835 1166 3901 ac⁹
1179 3836 1354 3901 multorum
1368 3857 1448 3920 prae-

316 3917 485 4002 judicium,
507 3939 565 4005 per
584 3921 775 3988 violenciam
799 3921 975 4006 subjugare,
997 3927 1125 4005 tueque
1150 3923 1292 3988 subicere
1320 3922 1449 3988 dicioni

321 4005 404 4072 (lum
425 4014 542 4085 eutem,
564 4011 597 4072 et
617 4008 702 4073 sicut
723 4007 820 4073 habet
842 4007 905 4072 fide
928 4007 1024 4092 digna
1045 4015 1079 4073 et
1092 4009 1209 4074 nostris
1226 4010 1296 4094 jem
1317 4009 1448 4074 auribus

321 4091 442 4176 pluries
464 4093 647 4159 incultata¹⁰
664 4093 789 4172 relacio,
810 4114 830 4158 e
850 4093 1006 4178 dureque
1026 4096 1246 4179 procurrentis
1268 4094 1449 4161 afecibusu

366 4277 377 4312 ¹
388 4279 417 4332 B.
431 4280 460 4332 d
473 4281 504 4333 ll.
517 4283 688 4334 constantem.
900 4279 952 4336 ²13.
968 4283 996 4335 Ο.
1010 4283 1043 4335 D.
1057 4283 1087 4336 n
1100 4281 1200 4336 illicita

366 4346 417 4403 ’Β
431 4350 547 4404 deberet
583 4352 612 4405 O.
626 4352 656 4405 E.
669 4351 776 4404 debent.
899 4348 951 4406 ⁴0.
965 4353 993 4406 is
1008 4355 1154 4457 cujusdam
1280 4351 1332 4406 ‘o
1343 4353 1373 4405 ll.
1389 4369 1446 4422 pro.

365 4417 568 4476 mammos.
685 4420 848 4489 ⁷0.Fapro.
1059 4423 1200 4476 &Erec

364 4487 417 4542 ⁰13.
431 4495 485 4544 aut.
673 4491 697 4528 ¹⁰
708 4493 736 4547 B.
751 4492 888 4546 inculcata
1029 4491 1049 4528 ¹¹
1062 4495 1089 4547 (l.
1104 4494 1133 4547 E
1147 4495 1273 4547 affatibus
1284 4495 1339 4546 ancl
1349 4497 1445 4548 emita
