3286 5112
655 483 751 536 11111
765 485 882 536 NONUS.
1274 474 1335 536 273

206 648 469 728 contempnentes
480 641 649 728 judicium,
662 644 698 708 in
711 643 806 708 illum
820 643 925 709 locum
950 649 1102 728 tanquam
1124 644 1158 708 in
1181 645 1334 730 spelunca

203 729 376 808 latronum,
389 735 491 795 totam
511 730 708 814 provinciam
730 730 946 796 circumitam
960 737 1174 796 vastaverunt.
1218 731 1259 796 In
1270 751 1334 816 quo

204 821 348 902 tempore
362 817 487 882 Alanus
513 816 552 882 de
566 817 720 902 Venpont
734 823 768 882 et
789 818 812 883 J
813 818 930 882 acubus
951 817 1107 902 Lsmkyn,
1127 818 1214 883 cives
1236 819 1334 884 Sanc-

205 903 368 982 tiandreae,
382 903 522 987 ejusdem
546 904 642 968 castri
663 903 810 970 custodes
831 905 970 982 luerunt,
991 924 1065 968 cum
1090 904 1164 970 forti
1187 905 1335 990 potencia

206 989 361 1055 bonorum
376 997 408 1056 et
422 988 653 1074 fidedignorum
667 990 815 1056 virorum
860 990 990 1076 Anglici
1004 991 1091 1056 enim
1105 990 1229 1056 exitum
1243 1011 1334 1076 aquae

206 1077 415 1155 obstruentes,
436 1075 534 1142 idem¹
549 1083 690 1142 castrum
712 1076 937 1143 habundancia
958 1097 1113 1162 equarum
1134 1079 1334 1163 submergere

205 1163 354 1240 nitentes,
365 1163 400 1228 in
415 1163 490 1229 sinu
504 1163 610 1230 exitus
621 1163 806 1248 aq[ua]rum
816 1163 960 1230 habitare
970 1171 1144 1248 coeperunt,
1152 1163 1203 1230 ut¹
1212 1164 1334 1229 habita-

206 1249 279 1314 cula
307 1269 366 1314 sua
394 1250 514 1315 ibidem
542 1251 675 1336 figentes
703 1250 842 1316 tentoria
862 1255 1126 1332 comtrrrxemnt;
1161 1257 1194 1316 et
1223 1271 1334 1316 omnes

205 1334 448 1402 circumvicinos
461 1336 644 1402 habitantes
659 1337 700 1401 ad
713 1335 822 1422 glebas
841 1333 954 1402 terras⁸
968 1337 1170 1404 adducendas
1192 1337 1334 1422 angaria-

203 1423 342 1500 rerunt,⁴
351 1429 398 1500 ut,
408 1429 478 1488 tota
491 1423 576 1489 valle
591 1424 698 1489 exitus
712 1423 880 1508 aquarum⁶
894 1424 1068 1509 obstrupta,
1083 1444 1175 1508 aquae
1188 1423 1278 1490 lacus
1292 1424 1333 1488 ad

205 1511 424 1575 summitatem
439 1510 536 1575 111111
550 1509 682 1575 elavata
697 1529 807 1576 omnes
828 1510 864 1575 in
878 1516 982 1576 castm
996 1510 1170 1578 existentes
1192 1511 1333 1576 submer-

205 1616 278 1682 gere
299 1596 459 1662 deberent
518 1595 580 1661 Sed
610 1596 770 1661 Dominus
797 1597 916 1681 justus,
941 1598 998 1682 qui
1027 1597 1167 1664 concidit
1195 1597 1334 1662 cervices
1420 1643 1428 1660 .

205 1689 417 1766 peccatorum,
438 1683 478 1748 de
499 1681 615 1767 laqueo
636 1683 830 1749 venancium
851 1683 1001 1749 liberavit
1022 1705 1076 1750 eos
1087 1708 1096 1766 ;
1131 1690 1173 1762 et,
1202 1683 1266 1768 ipsi
1298 1683 1333 1748 in

205 1769 330 1834 foveam
345 1789 442 1854 quarn
456 1769 600 1835 iecerunt
620 1770 807 1848 incidentes,
820 1771 856 1835 in
878 1771 971 1854 aquis
987 1771 1245 1837 vehementibus⁶
1258 1771 1334 1836 sub

205 1856 314 1921 mersi⁷
343 1862 428 1923 sunt
485 1856 580 1934 Nam,
607 1863 704 1941 prout
731 1857 911 1944 antiquitus
940 1856 1062 1923 dictum
1085 1863 1143 1936 est,
1167 1857 1209 1922 ad
1233 1857 1335 1922 instar

205 1962 372 2007 avarorum
394 1948 427 2008 et
448 1943 636 2027 cupidorum
656 1943 753 2009 bona⁸
768 1964 864 2028 super
885 1943 969 2008 bona
989 1943 1086 2008 nimia
1108 1944 1201 2009 avide
1222 1964 1334 2009 cumu-

205 2027 356 2107 lancium,
380 2029 427 2094 sic
456 2050 540 2114 aqua
563 2029 685 2096 habens
714 2031 862 2095 strictum
891 2029 1024 2108 exitum,
1049 2051 1124 2096 cum
1153 2029 1336 2116 degradare⁹

205 2115 345 2198 coeperit,
374 2123 466 2200 parat
494 2117 529 2181 in
555 2137 681 2182 recessu
709 2116 875 2202 largiorem
904 2122 1064 2197 meatum;
1100 2116 1184 2182 sicut
1216 2115 1274 2181 et¹⁰
1299 2117 1335 2180 in

204 2201 355 2285 praesenti
376 2223 476 2286 opera
522 2202 704 2280 Oastellani,
725 2202 879 2267 habentes
900 2201 1106 2268 devocionsm
1127 2208 1160 2268 et
1174 2201 1335 2268 confiden-

205 2287 289 2351 ciam
299 2288 335 2352 in
344 2288 437 2354 heato
447 2289 596 2366 Serrano,
606 2290 753 2375 precibus
767 2289 872 2354 eidam
885 2289 1043 2354 instantes
1054 2293 1164 2355 contm
1173 2288 1335 2353 maliciam

202 2373 416 2453 inimicorum
430 2375 589 2440 auxilium
599 2371 814 2460 postulabant
856 2375 986 2441 Accidit
1000 2381 1108 2441 autem
1119 2375 1203 2440 circa
1216 2376 1335 2440 festum

205 2459 307 2526 beatae
330 2459 518 2547 Margarctec
540 2463 665 2547 reginae,
687 2462 779 2546 cujus
800 2461 986 2528 solemnitas
1008 2463 1093 2547 apud
1115 2461 1334 2546 Dunfermlyri

204 2567 243 2612 eo
263 2553 406 2632 tempure
431 2549 598 2614 annuatim
621 2549 792 2614 honorifice
815 2548 999 2626 celebretur,
1027 2549 1114 2634 quod
1137 2547 1334 2634 praedictus1¹

203 2633 298 2699 miles
312 2636 335 2701 J
337 2635 477 2701 ohannes
493 2635 532 2702 de
547 2635 710 2720 Strivelyn
725 2635 811 2721 apud
832 2635 1058 2720 Duniarmlyn,
1072 2635 1184 2720 paucis
1206 2635 1247 2700 ad
1262 2655 1334 2700 cus-

203 2721 325 2786 todiam
354 2722 459 2806 operis
487 2722 615 2800 relictis,
646 2721 881 2788 solemnitatem
902 2721 1010 2788 videre
1031 2721 1217 2808 peragravit
1263 2721 1334 2799 Quo

204 2807 315 2873 audito
338 2807 513 2886 castellani,
535 2809 682 2875 videntes
705 2808 936 2874 confluencium
958 2829 1122 2893 aquarum,
1145 2829 1242 2894 quam
1264 2809 1334 2874 siue

203 2895 385 2979 provisione
415 2896 611 2980 prudentum
647 2896 768 2962 evitare
804 2915 869 2961 non
897 2901 1053 2980 poterant,
1082 2901 1262 2979 pensantes,
1296 2901 1334 2959 ut

202 2982 416 3066 praemittitur,
425 2982 511 3067 quod
525 2983 650 3048 modica
660 2981 829 3067 operacio¹¹
839 2982 874 3046 in
885 2981 1042 3067 principio
1057 2983 1208 3067 majorem
1222 2983 1258 3045 in
1269 2981 1333 3047 fine

201 3075 293 3152 parat
318 3069 452 3148 exitum,
472 3069 629 3155 quosdam
649 3067 795 3154 peritos¹⁸
815 3069 901 3134 viros
926 3074 960 3134 et
984 3068 1120 3134 audaces
1144 3069 1185 3134 ad
1210 3067 1333 3133 dictum

203 3153 309 3219 locum
324 3156 431 3221 exitus
445 3161 600 3240 aquarum
614 3156 651 3222 in
664 3156 783 3221 batella
797 3155 837 3222 de
852 3160 954 3234 nocte,
970 3155 1078 3240 vigilis
1093 3155 1334 3230 dormientibus,

204 3259 278 3305 cum
289 3241 511 3308 instrumentis
519 3242 561 3307 ad
575 3243 700 3308 exitum
715 3262 870 3327 equarum
884 3242 1058 3326 aperiendi,
1071 3242 1334 3308 transmiserunt:

202 3327 260 3410 qui
281 3326 547 3412 impedimentum
561 3327 695 3394 mirati¹⁴
709 3329 816 3394 exitus
837 3329 1052 3413 perfodientes
1066 3349 1160 3394 mane
1182 3327 1333 3406 dilucido,

202 3432 336 3497 parvum
353 3414 592 3498 aqueductum
602 3415 753 3500 primitus
770 3415 933 3492 facientes,
947 3415 983 3479 in
1004 3421 1096 3480 tanta
1109 3413 1335 3480 habundancia

203 3499 239 3563 in
252 3500 445 3583 maj01ando‚
459 3501 628 3566 crescendo
642 3501 765 3566 dictum
787 3501 911 3565 exitum
972 3521 1095 3580 uarum,
1109 3522 1202 3585 aquae
1225 3521 1334 3566 conse-

202 3593 337 3670 quentes
352 3585 600 3665 inundaverunt,
613 3587 700 3672 quod
722 3607 817 3672 parce
830 3587 901 3652 rita
971 3607 1020 3665 va,
1033 3608 1100 3673 prae
1121 3586 1333 3652 multitudine

202 3691 358 3756 aquarum
369 3672 720 3751 affluencium,¹⁵versus
731 3679 870 3738 castrum
881 3673 1069 3759 navigantes
1078 3675 1211 3740 evadere
1221 3678 1333 3758 potue·

202 3765 286 3824 runt,
320 3759 381 3825 Ille
390 3781 466 3825 vero
475 3766 599 3825 meatus
609 3761 710 3844 magis
721 3759 893 3845 ac¹¹magis
904 3760 1081 3838 crescendo,
1090 3767 1193 3826 totum
1205 3779 1334 3823 murum

201 3845 424 3930 impedimenti
446 3845 670 3914 obstructum¹⁷
685 3845 906 3924 demolliendo,
921 3847 1033 3912 statim
1047 3868 1121 3914 cum
1136 3847 1195 3912 tali
1209 3846 1335 3930 impetu

248 4043 259 4079 ¹
271 4045 300 4098 0.
314 4045 346 4099 D.
360 4045 391 4098 Ε.
406 4043 526 4097 eundem.
645 4040 657 4077 1
669 4043 698 4096 R
712 4043 741 4096 0.
755 4043 788 4094 D.
801 4043 832 4096 lc
845 4047 880 4095 et.
1017 4040 1070 4094 ¹0.
1083 4042 1113 4094 11
1127 4046 1236 4094 temus.

248 4113 260 4150 ⁴
273 4116 301 4170 G.
314 4115 345 4170 Ε.
424 4115 567 4168 cieverunt
641 4113 785 4167 ⁶hsbitara
797 4117 1087 4180 ceperunt-aquarum
1100 4115 1127 4163 ia
1135 4115 1237 4176 murcia
1249 4113 1322 4163 later.

247 4183 299 4238 ⁸0.
316 4187 346 4239 u.
359 4203 392 4238 rs
411 4187 614 4240 cremantibus.
858 4181 911 4236 ²13.
925 4183 1047 4236 demersi.
1084 4182 1113 4235 0.
1126 4182 1158 4234 D.
1172 4183 1201 4233 la
1214 4181 1331 4234 dimersi.

249 4255 260 4292 1
272 4259 304 4310 D.
317 4257 422 4310 bonam
670 4253 682 4289 1
694 4256 722 4309 O.
736 4253 766 4306 Ε.
780 4254 962 4323 degurgldara.
1033 4249 1056 4287 ¹⁰
1067 4252 1096 4305 O.
1110 4252 1140 4305 ll.
1153 4255 1261 4305 1111111

236 4326 257 4362 ¹¹
270 4330 299 4382 G.
313 4328 343 4380 11
357 4329 452 4381 diutius.
667 4323 689 4360 ¹¹
702 4326 730 4378 G.
743 4325 776 4378 D.
791 4325 820 4376 11
835 4325 947 4392 sporcio.

237 4396 260 4433 11
271 4401 299 4452 0.
313 4399 345 4451 D.
359 4399 466 4466 parites
667 4393 689 4429 ¹⁴
702 4397 731 4448 0.
744 4395 776 4448 D.
791 4396 821 4448 11
835 4395 941 4448 murati.

237 4468 259 4505 ¹¹
272 4471 300 4522 E.
315 4469 488 4522 effluencium
665 4464 688 4500 ¹⁰
698 4467 725 4518 G.
740 4471 774 4516 11
922 4462 942 4498 11
956 4465 985 4516 C·
999 4464 1031 4517 D.
1045 4463 1075 4516 s.
1090 4461 1267 4531 obstruptum.
