3282 5124
312 473 374 532 214
685 479 1066 531 nienerncscusnnusls.

312 641 396 706 citur
410 638 617 706 descendisse.
649 639 768 702 Teneat
781 638 879 722 igitur
893 637 979 723 qnod
992 639 1061 722 ipse
1070 638 1252 703 Willelmus
1263 636 1436 702 Bsstardns

312 727 508 812 conquisivit
532 726 594 790 sibi
618 745 751 810 regnum
773 725 899 809 Anglise
910 749 918 806 ;
939 725 975 788 in
1000 746 1063 810 quo
1085 746 1219 810 regnum
1244 725 1370 801 Scociae,
1384 723 1437 788 vel

313 814 433 899 slique¹
444 833 517 898 pars
527 813 639 897 ipsius,
648 833 714 876 non
724 812 887 876 invenitur
897 831 956 876 nec
965 812 1120 896 reperitur
1130 811 1294 877 contineri.
1326 811 1438 876 Nichil

313 901 400 964 enim
415 921 455 964 ex
468 920 601 985 persone
610 898 740 976 Ictrini
751 898 805 962 vel
819 899 920 963 eciam
934 899 1104 962 Britonum
1118 899 1324 982 aliorumque,
1332 902 1439 982 potest

313 987 350 1050 in
378 1007 474 1072 regno
500 987 616 1051 Scocise
641 985 695 1050 vel
723 984 849 1069 Anglise
877 985 1075 1050 hereditare.²
1132 985 1287 1050 Similiter
1314 1005 1374 1049 nec
1401 984 1437 1047 in

314 1073 433 1152 Scocia,
454 1094 528 1137 cum
548 1073 688 1136 Albanis
701 1078 873 1149 vocaretur,
895 1092 1003 1136 omnes
1026 1072 1155 1137 fuerumt
1176 1073 1331 1136 Britones.
1375 1070 1438 1135 Sed

313 1159 399 1243 ipsos
421 1161 581 1245 eJecerunt
602 1159 706 1238 Picti;
728 1164 761 1222 00
781 1165 892 1241 postea
911 1179 969 1242 per
990 1159 1100 1224 Scotos
1122 1159 1216 1242 ejecti
1234 1163 1312 1223 sunt
1333 1157 1438 1233 Picti,8

313 1267 415 1331 usque
429 1247 492 1311 hnc
506 1243 701 1311 retinentes*

576 1463 734 1548 50001000
745 1464 784 1531 ah
800 1464 858 1532 tes
870 1465 907 1532 tr
921 1465 1116 1534 roten-dl.
1132 1465 1175 1537 lx.

314 1577 485 1677 lidum
506 1601 593 1666 enim
615 1601 797 1679 reeens,
811 1603 893 1686 regis
908 1603 1043 1688 AEgrps,
1056 1624 1131 1668 cum
1151 1623 1250 1668 manu
1272 1608 1392 1667 armas
1405 1607 1439 1666 0

300 1689 413 1754 'classe
428 1689 569 1753 menime
582 1689 714 1752 navium
724 1688 888 1772 applicuit,
902 1697 975 1773 post
989 1690 1093 1754 multa
1105 1690 1228 1754 marina
1240 1689 1388 1774 pericula,
1402 1689 1440 1752 in

313 1775 478 1840 Hibernia
515 1776 636 1852 Postea,
652 1775 823 1859 assumptis
838 1776 1029 1860 quibusdam
1039 1777 1232 1855 Hibernicis,
1245 1778 1281 1840 in
1295 1775 1439 1841 Scociem

313 1861 498 1946 navigavit3
523 1881 631 1926 secum
653 1861 795 1926 deferens
818 1861 977 1946 quoddam
993 1864 1091 1929 sedile
1105 1861 1213 1948 regiae⁵
1226 1862 1438 1938 marmonium,

313 1949 401 2032 qnod
420 1948 482 2013 iste
503 1968 560 2013 rex
573 1948 700 2032 Angliae
720 1949 899 2029 modernus,
912 1950 997 2014 inter
1019 1957 1131 2015 oaetere
1151 1950 1241 2034 regni
1255 1949 1371 2014 Scociae
1390 1969 1438 2012 re·

312 2035 398 2120 galia
411 2035 557 2120 insignia,
573 2036 710 2119 pervim
724 2040 758 2100 et
770 2035 960 2100 violenciam
974 2057 1083 2101 secum
1095 2036 1145 2100 in⁶
1157 2057 1252 2120 regno
1268 2035 1385 2100 Scociae
1401 2034 1438 2098 in

312 2121 538 2207 A[n]g[l]iem⁷
552 2123 735 2207 asportavit.
779 2122 887 2206 Ipsius
901 2143 975 2187 vero
998 2123 1128 2188 Scociae⁸
1141 2122 1224 2188 vires
1247 2128 1279 2187 et
1292 2121 1440 2206 potencia

313 2209 421 2274 Pictos
442 2208 509 2273 suis
532 2209 693 2274 demeritis
714 2208 856 2274 devictos
877 2210 1007 2274 omnino
1029 2209 1161 2294 dejecit,
1182 2215 1215 2274 00
1235 2229 1370 2294 regnum
1390 2213 1439 2271 to-

312 2295 421 2362 taliter
439 2296 587 2380 optinuit.
630 2295 663 2359 A
677 2317 741 2380 qus
755 2295 884 2362 domina
906 2295 1021 2375 80000,9
1036 2296 1124 2362 80001
1138 2295 1204 2361 0010
1218 2296 1327 2362 800010
1348 2293 1439 2359 (1010-

313 2403 388 2467 osps
401 2381 629 2466 nuncupantur
641 2382 677 2446 :1¹

577 2506 664 2571 Secti
678 2527 698 2570 0
711 2505 813 2585 80000,
827 2529 847 2574 0
861 2507 964 2573 Sectis
979 2506 1089 2572 800010
1102 2511 1178 2572 tots

315 2630 494 2712 0010000
514 2649 632 2694 nomen
653 2634 686 2695 00
707 2630 814 2695 locum
834 2631 953 2696 ibidem
967 2632 1126 2716 usquein
1146 2630 1336 2695 hodiernum
1355 2628 1441 2694 diem

314 2716 457 2800 optinere
468 2716 685 2781 dinoscuntur.
722 2717 780 2781 Nil
794 2717 891 2802 igitur
900 2718 941 2783 ad
951 2737 1056 2803 regem
1066 2716 1193 2802 Anglise
1204 2717 1243 2782 de
1259 2716 1370 2793 800010,
1379 2736 1439 2780 nec

314 2802 355 2867 (10
374 2803 482 2867 800010
490 2802 528 2883 ;¹²
548 2823 607 2867 nec
620 2803 693 2886 plus
711 2803 793 2888 juris
806 2804 966 2889 A[n]glici
987 2825 1084 2889 quem
1097 2805 1237 2888 AEgipoii
1250 2804 1287 2868 in
1306 2823 1440 2888 regnum

315 2888 434 2954 Scoeiae
461 2893 613 2972 potenmt
636 2889 812 2956 vendicare.
867 2889 961 2968 Quod
990 2897 1098 2956 sutem
1126 2891 1205 2955 dicit
1233 2891 1273 2955 de
1301 2889 1440 2974 quodem

314 2974 441 3040 Bellino
455 2980 488 3039 et
502 2975 618 3039 Brenio
631 2996 698 3038 non
716 2977 867 3059 procedit.
910 2977 1163 3061 verumptamen
1177 2982 1227 3042 est
1243 2977 1329 3062 quod
1349 2981 1441 3040 erant

315 3062 379 3126 duo
389 3061 511 3139 fratres,
521 3066 617 3145 prout
627 3061 795 3128 Britonum
805 3061 930 3128 tradit²³
940 3064 1091 3128 Historia
1135 3063 1280 3129 Bellinus
1288 3083 1441 3146 veroreg-

314 3149 408 3213 nevit
427 3149 464 3212 in
476 3147 602 3233 Anglia,
617 3148 751 3214 Brenius
773 3156 880 3214 autem
900 3149 937 3213 in
958 3150 1085 3231 Scocis;
1111 3149 1167 3216 sed
1188 3171 1278 3235 seque
1292 3149 1385 3215 liberi
1406 3155 1440 3212 et

315 3235 421 3312 libere,
447 3235 499 3300 cui
521 3240 672 3300 consonat
693 3237 748 3319 jus
770 3257 945 3302 commune
989 3237 1175 3321 Superque
1199 3241 1324 3302 constat
1344 3235 1437 3320 quod,

316 3321 468 3405 cumipse
479 3321 623 3386 Bellinus
632 3322 762 3388 fratrem
771 3343 865 3388 suum
877 3323 1077 3388 Brennium¹⁴
1087 3324 1243 3388 niteretur
1253 3323 1316 3389 sibi
1330 3323 1440 3406 snbju-

315 3428 398 3492 garo,
409 3409 551 3487 Brontes,
566 3415 751 3494 congregato
766 3410 907 3475 exercitu
920 3430 1043 3495 magno,
1057 3411 1179 3475 bellum
1193 3411 1284 3474 fratri
1297 3410 1440 3485 offerens,

316 3501 446 3578 paratus
460 3515 569 3560 secum
579 3495 737 3574 dimicare,
747 3498 837 3562 venit
847 3497 883 3561 in
893 3517 1043 3580 campum
1050 3497 1135 3562 inter
1148 3517 1200 3561 ece
1211 3501 1314 3561 mater
1323 3515 1440 3572 eornm,

317 3582 487 3647 ostendens
508 3583 555 3646 010
568 3589 680 3667 poclm
702 3589 735 3648 et
748 3585 854 3662 ubera,
875 3584 999 3668 ejulans
1021 3590 1053 3649 00
1073 3589 1218 3648 materna
1238 3583 1358 3667 pietate
1377 3581 1440 3646 cla-

317 3668 446 3753 [msns]‚
473 3689 584 3753 pacem
612 3669 696 3734 inter
720 3691 772 3736 000
797 3671 937 3756 rogavit3
966 3671 1031 3755 qui,
1055 3675 1198 3734 materno
1224 3690 1329 3734 amore
1351 3669 1440 3745 moti,

315 3775 428 3839 pacem
441 3755 527 3820 inter
540 3753 619 3821 00015
630 3761 662 3820 00
676 3757 875 3822 concordiam
889 3757 965 3822 cum
978 3757 1124 3822 libertate
1138 3757 1289 3834 inierunt,
1296 3757 1345 3820 100
1354 3755 1440 3839 quod

316 3841 453 3925 quilibet
466 3861 575 3906 eorum
588 3843 623 3906 in
638 3863 696 3907 000
709 3843 855 3908 libertate
869 3849 1073 3929 permaneret
1109 3843 1201 3907 Dicit
1213 3844 1344 3928 insuper
1353 3839 1439 3925 quod

363 4025 373 4060 ¹
386 4027 414 4078 Ο.
428 4026 530 4092 sliquse.
671 4024 721 4079 ²0.
735 4027 766 4080 ll.
778 4027 923 4079 vendicare.
1013 4027 1024 4062 ³
1036 4029 1065 4080 0.
1079 4029 1109 4080 D
1123 4031 1183 4080 omit
1195 4033 1223 4080 et
1234 4025 1438 4093 postes-Picti.

363 4095 374 4130 ⁴
385 4097 413 4150 O.
429 4097 461 4148 D.
474 4097 504 4147 E.
519 4096 573 4147 add
584 4100 634 4148 000.
1008 4096 1020 4132 ⁶
1033 4099 1061 4150 0.
1071 4099 1161 4150 sedule
1172 4097 1265 4166 regale.
1297 4098 1328 4148 E.
1342 4097 1437 4164 regule.

361 4165 373 4200 ⁶
384 4168 414 4218 Β.
429 4167 457 4218 Ο.
471 4167 503 4218 D.
518 4167 548 4218 E.
561 4166 601 4219 ds.
672 4165 683 4203 ⁷
695 4168 724 4219 Β.
739 4168 851 4219 00010010
863 4167 993 4236 Angliem.
1122 4167 1134 4202 ⁸
1146 4169 1173 4222 0.
1188 4170 1218 4220 Ε.
1232 4169 1323 4220 800000.

361 4235 411 4290 ⁰0.
425 4237 456 4290 E.
468 4239 626 4288 0001080000
1111 4237 1133 4273 ¹⁰
1144 4240 1172 4291 C.
1186 4239 1216 4292 D.
1229 4239 1270 4292 de.

349 4305 370 4340 1¹
382 4306 414 4358 D.
427 4311 602 4374 nuncupatur.
639 4307 666 4360 0.
681 4307 713 4359 D.
726 4307 756 4358 Ε.
771 4309 825 4359 cdd
837 4309 914 4361 Unde
925 4327 1023 4362 versus.

348 4375 371 4410 ¹²
382 4377 461 4430 soors
472 4379 567 4428 altered
579 4385 604 4428 to
616 4377 711 4430 Scotia.
1109 4377 1131 4414 ¹³
1144 4381 1173 4432 Ο.
1188 4381 1219 4432 Ε.
1231 4378 1350 4431 tradidit.

348 4445 371 4480 1⁴
383 4447 411 4500 O.
425 4447 456 4502 Ε.
471 4447 602 4500 Brenium.
640 4449 671 4500 D.
687 4447 836 4500 Breninnm.
1003 4448 1024 4484 ¹⁵
1037 4451 1065 4502 O.
1079 4451 1109 4502 R
1125 4453 1186 4502 omit
1197 4451 1267 4502 inter
1278 4466 1329 4501 eos.
