3240 5130
304 452 364 512 342
677 461 770 510 tiene
786 459 1050 511 ribacurcensis.

302 624 547 697 conservaretur,
562 618 671 696 donee,
682 620 771 704 virga
780 618 957 703 disciplinae
965 618 1145 704 castigatus,
1155 617 1296 701 seipsum
1310 615 1425 684 melina

301 712 502 792 cognosceret
538 711 572 770 et
607 706 807 772 emendaret:
844 706 970 772 dicente
1005 705 1167 791 propheta,
1197 705 1284 782 Quos
1318 703 1424 790 diligit

301 793 468 871 Dominus,
493 792 551 857 hos
580 793 710 876 corripit
735 798 767 858 et
796 793 937 878 castigat.
993 793 1114 857 Nuncii
1136 811 1211 857 vcro
1238 793 1424 876 portatoree¹

301 879 465 945 literarum
487 884 577 944 erent
598 878 746 944 dominus
764 879 946 946 Willelmus
968 878 1008 944 de
1029 879 1199 962 Lindissay
1220 885 1252 943 et
1274 878 1424 944 dominus

301 967 466 1032 Jobennes
487 966 527 1030 de
548 967 745 1051 Remorgny:
771 966 829 1050 qui
853 963 913 1030 tali
937 967 1136 1051 suggestione
1161 965 1284 1030 dictum
1309 965 1423 1031 ducem

301 1053 588 1130 inflammaverunt,
613 1053 699 1137 quod
723 1053 792 1137 ipse
818 1053 904 1138 apud
929 1059 1069 1118 castrum
1094 1052 1203 1118 Sancti
1227 1052 1365 1117 Andreae
1389 1071 1424 1116 ee

301 1140 492 1218 transferret,
506 1139 648 1224 seipsum
660 1139 781 1204 ibidem
802 1139 990 1217 collocaret,²
1006 1159 1044 1204 ac
1064 1138 1238 1204 adrentum
1259 1139 1336 1203 novi
1357 1139 1423 1222 epi-

300 1227 389 1310 scopi
403 1232 592 1311 expectaret,
606 1225 747 1310 seipsum
760 1226 801 1291 ab
815 1225 963 1291 omnibus
976 1225 1118 1291 hostium
1132 1225 1281 1310 periculis
1295 1245 1424 1309 praeser-

301 1313 415 1391 vando,
444 1313 568 1397 sibique
596 1313 773 1398 periodum
802 1313 947 1378 futurum
975 1313 1194 1378 machinatum
1222 1311 1423 1378 insinuando.

302 1399 366 1477 Qui
391 1399 537 1485 princeps
559 1400 609 1476 eis
626 1399 741 1466 leviter
761 1399 900 1500 credens,
922 1400 1063 1484 episcopi
1083 1405 1223 1500 castrum
1243 1399 1331 1464 adim
1351 1418 1424 1523 pm}

301 1572 655 1651 t
668 1485 1238 1657 mutuum
1258 1484 1424 1656 tut

301 1679 436 1736 cmcem,
458 1659 494 1722 in
517 1659 631 1724 itinere
656 1663 811 1725 anastatus
836 1660 917 1740 tint3
941 1666 975 1726 ct
996 1660 1082 1746 apud
1106 1657 1275 1725 Feukland
1299 1659 1424 1740 ductus,

301 1751 335 1811 et
356 1745 433 1810 diris
455 1746 631 1812 carceribus
652 1746 833 1872 deputatum,
854 1745 939 1812 fame
959 1747 1080 1812 ibidem
1100 1745 1204 1831 periit.
1248 1744 1321 1823 Sed,
1334 1748 1423 1810 aute-

302 1853 400 1917 quam
424 1831 540 1897 dnctus
565 1832 628 1896 luit
650 1833 692 1898 ad
725 1831 902 1912 Fauklsnd,
924 1833 1084 1900 duxerunt
1108 1854 1184 1898 eum
1208 1831 1356 1916 primitus
1381 1831 1424 1894 ed

302 1918 425 1984 dictum
450 1923 589 1984 casuum
610 1919 852 1998 Sancticndreae,
873 1926 906 1985 et
927 1920 1047 1985 ibidem
1072 1939 1146 1986 eum
1166 1938 1224 2003 per
1243 1916 1424 2004 potenciam

302 2009 336 2070 et
349 2025 447 2070 manu
469 2013 591 2074 armeta
611 2006 839 2083 custodierunt,
852 2006 952 2072 donec
973 2007 1009 2072 in
1022 2006 1160 2090 quodam
1176 2005 1316 2083 consilio,
1336 2003 1424 2090 apud

302 2091 417 2157 Oulroe
442 2097 532 2158 tento
557 2112 614 2177 per
638 2090 753 2158 ducem
777 2092 923 2158 Albaniae
951 2099 984 2158 et
1008 2093 1158 2158 comitem
1186 2091 1424 2158 Archebaldum

302 2178 343 2244 de
371 2178 522 2264 Douglcs,
552 2178 592 2244 de
620 2179 689 2263 ejus
716 2186 819 2244 morte
847 2179 978 2246 decrero
1039 2184 1062 2245 t.
1127 2180 1171 2244 Et
1198 2185 1310 2264 postca
1344 2198 1424 2262 prae·

303 2265 408 2330 dictus
447 2265 514 2330 dux
549 2265 695 2330 Albaniae
735 2270 768 2330 et
807 2266 912 2331 dictus
947 2265 1166 2332 Archebaldue
1205 2266 1255 2331 de·
1280 2264 1424 2349 Douglae

303 2372 407 2418 comes
427 2352 565 2418 eundem
586 2351 700 2418 ducem
722 2351 865 2438 Rothsay
878 2353 964 2437 apud
985 2353 1107 2418 dictum
1128 2351 1242 2416 turrim
1256 2351 1297 2417 de
1318 2350 1423 2417 Fauk-

301 2437 379 2503 lend
407 2437 514 2504 valida
545 2459 640 2503 manu
669 2438 838 2517 duxerunt,
866 2459 963 2524 super
985 2441 1170 2524 jumentum
1200 2459 1345 2523 pervum
1373 2437 1423 2501 in·

302 2525 400 2590 dutus
415 2523 580 2612 col[1]0bio
593 2525 709 2611 grosio⁶
722 2525 763 2590 ad
777 2525 907 2590 modum
921 2525 1072 2611 garciferi,
1081 2531 1119 2591 ut
1132 2545 1198 2590 non
1210 2525 1425 2610 perciperetur

302 2611 339 2676 in
363 2611 495 2693 itinere3
520 2617 553 2677 et
577 2613 613 2676 in
637 2611 781 2678 custodia
805 2611 964 2678 Johannie
985 2611 1121 2697 Wrycht
1145 2615 1179 2677 et
1200 2612 1359 2676 Johannis
1384 2611 1424 2676 de

303 2697 438 2764 Selcrik⁷
449 2697 628 2784 deputatus,
639 2698 697 2783 qui
710 2719 784 2764 enm
798 2698 957 2764 reclusum
970 2699 1006 2764 in
1014 2699 1152 2784 quadam
1165 2697 1425 2783 parvavolticula

302 2783 338 2847 in
359 2784 446 2850 dicta
469 2789 556 2850 turm
581 2791 802 2851 conservantes
827 2807 929 2870 usque
949 2785 991 2850 ad
1015 2787 1112 2852 finem
1132 2784 1319 2870 vitae-qui
1343 2782 1424 2851 obiit

154 2892 206 2929 un
219 2879 284 2928 1⁴⁰2
302 2890 387 2936 anno
400 2871 534 2936 Domini
547 2881 588 2934 u⁰
598 2880 683 2936 cccc⁰
691 2872 738 2950 ii⁰,
747 2872 794 2937 vii
804 2871 856 2936 die
867 2871 997 2957 Aprilis,
1005 2873 1091 2958 apud
1105 2871 1260 2937 Lundoris
1271 2869 1423 2955 sepultus

303 2956 426 3021 Dicunt
450 2963 560 3023 temen
583 2957 732 3022 nonnulli
753 2955 847 3040 qnod,
868 2959 944 3042 quia
968 2959 1036 3043 ipse
1062 2959 1128 3023 dux
1153 2957 1295 3043 Rotheay
1317 2955 1424 3020 noluit

303 3043 500 3128 acquiescere
521 3043 654 3109 coneilio
675 3043 803 3108 illorum
818 3044 875 3127 qui
895 3044 958 3109 sibi
971 3050 1010 3109 ut
1031 3051 1180 3130 patruum
1201 3065 1294 3110 suum
1308 3041 1423 3108 ducem

302 3128 450 3194 Albania
470 3134 629 3208 arestaret,
639 3129 703 3214 ipsi
724 3129 787 3194 duo
808 3129 936 3209 milites,
950 3130 1132 3198 willelmus
1147 3132 1187 3198 de
1208 3129 1375 3214 Lindissay
1389 3135 1424 3194 et

303 3215 468 3282 Johannes
489 3215 530 3282 de
555 3215 744 3302 Remorgny,
766 3217 1000 3300 suggestionem
1024 3239 1116 3284 suam
1137 3219 1173 3283 in
1198 3239 1273 3284 eum
1296 3237 1422 3305 perver-

304 3309 417 3380 tentes,
439 3302 525 3368 dicto
554 3302 629 3368 duci
657 3310 881 3388 persuesemnt
908 3302 1056 3370 Albaniae
1084 3309 1130 3384 ut,
1155 3305 1184 3370 ei
1211 3305 1281 3390 ipse
1309 3304 1423 3370 ducem

304 3389 448 3474 Rothsoy
472 3409 537 3454 non
561 3394 721 3469 auerteret,
741 3389 848 3474 ipsum
874 3391 1084 3457 malamorte
1108 3391 1189 3457 mori
1214 3391 1337 3457 laceret.
1380 3391 1424 3453 Et

303 3475 371 3540 haeo
392 3474 536 3541 fecerumt
560 3476 744 3542 dubitantes
772 3477 1000 3543 revelacionem
1026 3477 1120 3544 dictae
1143 3478 1361 3564 suggestionis,
1386 3497 1424 3552 co

303 3563 390 3647 quod
403 3562 470 3628 dux
492 3562 634 3648 Rothsay
650 3562 828 3648 conspirare
847 3564 882 3628 in
903 3570 1038 3630 mortem
1059 3565 1211 3630 avunculi
1227 3563 1423 3630 suiomnino

303 3649 469 3714 meuserit.
514 3649 577 3714 Sed
598 3649 692 3716 aliter
711 3650 825 3716 dicunt
849 3651 915 3730 alii,
937 3651 1025 3736 quod
1043 3651 1150 3717 dictus
1174 3651 1359 3716 Willelmus
1383 3649 1424 3715 de

302 3736 472 3822 Lindissay
485 3735 577 3802 miles
598 3736 681 3802 hanc
703 3737 862 3803 maliciam
884 3744 993 3802 contre
1007 3738 1121 3803 ducem
1142 3737 1285 3824 Rothsay
1299 3736 1424 3821 conspi-

303 3824 387 3888 ravit
407 3843 445 3888 co
467 3824 553 3908 quod
573 3823 652 3907 ipse,
673 3825 859 3909 nescioquo
880 3824 945 3890 levi
971 3823 1103 3890 consilio
1128 3830 1265 3902 secutus,
1286 3843 1424 3890 sororem

302 3909 381 3975 dicti
409 3909 523 3976 militis
552 3909 741 3988 Euiemiam,
765 3910 928 3976 dominam
957 3909 1189 3996 pulcerrimum,
1213 3910 1364 3988 affidavit,
1390 3915 1424 3974 et

302 3997 462 4082 cognitam
472 4001 583 4082 postea
596 4001 724 4083 propter
737 3997 898 4082 sponsalia
906 3997 1067 4082 proeterita
1080 3997 1280 4083 repudiavit:
1296 4017 1353 4081 pro
1375 4003 1425 4061 ter

302 4082 388 4167 quod
416 4088 527 4149 contre
551 4084 657 4168 ipsum
681 4083 858 4168 principem
883 4104 1032 4170 magnam
1054 4083 1235 4150 inimiciciae
1261 4103 1323 4168 qne

741 4306 792 4360 ²0.
808 4309 838 4360 E.
853 4307 968 4360 collucet
1109 4307 1120 4343 ³
1132 4310 1161 4363 G.
1174 4310 1203 4362 Ε.
1219 4309 1386 4362 avunculum.

680 4383 687 4394 “
739 4376 790 4430 ⁵0.
805 4378 835 4430 E.
850 4379 1123 4432 middiotnmturrim
1135 4381 1176 4432 dc.

740 4447 793 4500 lB.
807 4448 921 4503 selkirn
959 4450 990 4502 D.
1005 4449 1116 4503 Celerilr.
