3240 5130
590 483 686 534 imme
699 483 853 534 nummus.
1224 471 1285 532 327

159 642 350 709 festinancia
362 643 483 728 absque
496 640 595 728 galea,
608 641 753 728 perditus
767 645 842 706 erat
887 629 1032 706 Oinmore
1045 633 1144 726 igitur
1156 640 1286 726 provul-

158 728 254 816 gato}
268 729 373 796 Scuti²
386 729 479 815 quasi
491 728 528 793 in
542 729 651 814 iugum
665 728 809 794 conversi
823 727 927 812 [sunt]
939 751 952 816 ;·
968 733 1002 793 et
1016 728 1144 793 eosdem
1157 727 1285 812 insequi

159 817 323 884 debuisset
330 817 479 884 dominus
487 814 778 893 Mauricius,dictus
786 813 1285 892 &emanaturumdemaue

159 907 193 969 et
206 903 355 969 dominus
368 905 527 969 Robertus
537 902 577 968 de
592 902 673 988 Ogii
716 900 974 968 Dominus⁴rerc
988 901 1029 966 de
1044 901 1188 987 Douglas
1209 921 1285 966 cum

158 989 391 1056 valencioribus
404 989 566 1055 nobilibus
580 989 701 1067 multis,
714 986 850 1054 invisos⁵
859 989 901 1054 ab
911 986 1056 1074 Angliois
1067 1009 1102 1055 so
1112 993 1284 1065 servantes,

160 1076 262 1162 [oum]
286 1077 351 1162 ipsi
371 1075 502 1163 Anglici
515 1077 682 1141 victoriam
702 1075 835 1140 totalem
856 1073 960 1140 tocius
985 1075 1142 1142 exercitus
1166 1074 1284 1147 habere

158 1165 324 1248 putabant,
334 1165 369 1229 in
378 1163 504 1229 eosdem
517 1161 641 1228 irruens
656 1162 697 1227 ad
707 1161 784 1227 solis
797 1161 1084 1227 reverberacionem
1097 1160 1193 1248 paulo
1207 1166 1284 1226 ante

158 1271 314 1328 occasum,
328 1255 362 1316 et
374 1271 428 1316 eos
449 1248 655 1334 imperterriti
676 1247 897 1334 expugnando,
909 1248 1102 1314 retrocedere
1123 1247 1284 1332 compule-

157 1343 243 1403 rrmt.
286 1338 329 1403 Et
343 1335 403 1402 eic⁶
416 1356 490 1403 cum
504 1334 743 1421 aliquantulum
756 1339 935 1420 pugnatum
954 1342 1046 1413 esset,
1060 1335 1157 1412 Secti,
1171 1335 1229 1420 qui
1242 1333 1284 1399 ad

157 1423 266 1510 fugam
279 1424 384 1508 parati
404 1429 504 1502 orant,
521 1442 646 1506 semper
665 1421 822 1507 paulatim
842 1420 1050 1501 revenientes,
1070 1421 1284 1487 invalidantes

157 1518 192 1576 et
204 1509 466 1596 multiplicantes,
484 1515 518 1574 ot
536 1508 715 1594 Anglcmm
736 1507 912 1574 exercitum
935 1509 1133 1586 invadentes,
1153 1507 1285 1574 tandem

158 1597 335 1663 exercitum
344 1592 826 1680 Hennctflaapureinfugam
833 1596 1026 1661 retrocedere
1037 1594 1284 1680 compulserunt.

157 1683 244 1748 Nam
257 1683 327 1769 ipse
340 1683 377 1748 in
391 1681 514 1748 duabus
526 1682 671 1768 partibus
685 1682 861 1748 exercitum
881 1701 977 1748 suum
999 1681 1117 1760 divisit,
1139 1700 1177 1747 eo
1197 1680 1285 1766 quod

159 1769 270 1836 Scotos
297 1769 334 1834 in
357 1770 467 1854 fugam
492 1768 634 1835 converti
653 1769 789 1853 putabat
811 1768 936 1835 subito:
971 1790 1070 1835 unam
1094 1773 1218 1854 partem
1243 1767 1285 1833 ad

157 1857 334 1942 stigandum
348 1855 521 1940 fugitivos3
545 1862 578 1922 et
592 1855 689 1921 alium
699 1861 833 1941 ,partem
850 1875 959 1921 secum
972 1855 1193 1934 retinuit-in
1206 1875 1284 1941 qua·
1374 1875 1377 1885 ’

158 1939 240 2009 libet
253 1943 410 2028 particula
419 1943 562 2028 quinque
575 1942 679 2007 millia
692 1947 893 2008 armatorum
923 1942 1013 2007 Dum
1026 1942 1125 2028 igitur
1135 1942 1284 2008 dominus

159 2029 337 2095 Mauricius
350 2028 430 2094 with
444 2029 500 2095 the
521 2030 611 2095 Rode
631 2030 730 2095 Mane
751 2033 785 2094 et
805 2027 954 2093 dominus
968 2028 1126 2094 Robertus
1140 2027 1181 2095 de
1202 2027 1285 2113 ogit,

158 2116 216 2266 qui
225 2115 362 2180 ordinati
370 2116 690 2201 erantadpraedictos
701 2113 854 2201 fugitivos
864 2113 1042 2200 fugendos}
1051 2115 1093 2179 ad
1103 2116 1285 2180 subverten-

183 2222 240 2267 um
252 2202 441 2286 psviiiiones
455 2207 488 2268 et
502 2203 639 2270 tentoria
653 2202 741 2266 etad
755 2199 965 2266 dividendum
985 2200 1088 2285 spolia
1108 2220 1285 2286 permanse-

158 2294 243 2367 runt,
254 2294 287 2354 et
300 2286 449 2356 dominus
463 2288 638 2374 Henricus⁹
648 2288 749 2373 Pcrcy
759 2307 834 2353 cum
844 2285 912 2352 suis
923 2287 963 2352 de
971 2287 1117 2372 fugitivis
1131 2295 1165 2352 et
1174 2287 1286 2371 spoliis

160 2375 395 2462 congaudendo,
416 2383 449 2442 et
469 2376 613 2462 putando
635 2395 671 2440 se
695 2374 804 2439 omnia
827 2373 897 2439 sine
922 2374 1107 2440 resistencia
1130 2393 1288 2458 superare,

158 2483 232 2528 ecoe
246 2461 395 2528 dominus
408 2461 449 2528 de
461 2462 614 2548 Douglns,
628 2481 701 2527 cum
722 2460 796 2526 aliis
817 2460 941 2526 duobus
960 2461 1131 2528 comitibus
1153 2481 1189 2526 ac
1211 2479 1286 2524 cum

157 2549 235 2614 floro
269 2548 427 2614 nobilium
455 2557 657 2626 armatum,
684 2549 721 2613 in
749 2547 839 2612 brevi
866 2552 969 2612 totam
1001 2548 1071 2632 ejus
1102 2545 1287 2614 comitivam

158 2635 369 2721 dirumpendo
382 2635 553 2720 superavit.
597 2636 692 2712 Nam,
706 2653 781 2700 cum
794 2634 858 2720 ipsi
868 2633 987 2700 lanceis
1001 2634 1229 2719 propugnando
1250 2633 1286 2698 in

158 2722 281 2788 fervore
306 2721 473 2788 conflictus
497 2720 711 2808 persisterent,
736 2740 809 2786 ecce
830 2720 988 2806 qnidam¹⁰
1012 2719 1231 2786 nobilissimus
1252 2726 1286 2786 ot

158 2809 377 2874 validissimus
402 2809 504 2894 miles,
527 2808 676 2875 dominus
710 2806 875 2874 Johannes
901 2807 941 2872 de
966 2806 1112 2873 Suinton
1137 2805 1286 2872 dominus

158 2895 311 2981 ejusdem,
325 2895 455 2962 elatem
470 2915 544 2961 cum
557 2893 693 2962 lancoa¹¹
706 2913 814 2980 grossa
827 2900 861 2960 et
874 2894 1005 2960 robusta
1017 2893 1158 2972 veniens,
1174 2913 1285 2960 omnes

159 2982 338 3068 Anglorum
358 2981 485 3048 lanceas
498 2988 657 3068 quotquot
677 2980 855 3066 reperiebat
876 2979 918 3046 ad
938 2985 1055 3046 terram
1068 3000 1089 3046 a
1101 2979 1201 3046 latere
1214 3000 1286 3065 pro

159 3070 275 3134 stravit
285 3093 294 3151 ;
317 3075 351 3135 et
372 3070 418 3135 sic
441 3069 547 3154 capita
567 3069 684 3134 ferrata
702 3067 886 3134 lancearum
907 3066 1086 3152 Anglorum
1106 3065 1148 3131 ad
1168 3071 1286 3132 terram

158 3175 284 3308 semtper
297 3153 822 3307 chtncuciens⁸,linostristulScotieab}²
831 3152 1286 3306 hogarqinimgurlrmooqrefflothe

159 3261 222 3306 run
345 3262 449 3319 ,curn
535 3261 873 3307 nanumsrcece
938 3261 994 3305 um
1128 3291 1138 3319 ‚
1256 3259 1286 3304 cr

160 3327 263 3393 coacti
276 3335 354 3394 sunt
366 3263 569 3407 retroceddlre,
580 3335 613 3394 et
627 3327 731 3394 Scotis
742 3327 834 3393 dorsa
842 3325 1007 3394 dedenmt
1051 3325 1123 3405 Sed,
1133 3261 1286 3412 quirion

160 3413 445 3499 appropinquabat,
459 3413 548 3484 Secti
567 3411 782 3498 insequentes,
796 3413 951 3499 quosdam
965 3411 1117 3498 captivos,
1130 3413 1286 3499 quosdam

160 3505 343 3586 prostratos,
364 3499 520 3585 quosdam
544 3499 664 3566 occisos
687 3499 723 3564 in
748 3519 861 3584 campo
885 3499 1110 3584 relinquentes,
1135 3506 1204 3566 tota
1227 3498 1286 3564 illa

161 3592 255 3652 nocte
269 3586 524 3672 apemecucions
544 3585 674 3651 illorum
696 3605 762 3650 non
782 3585 981 3670 quieverunt,
1002 3585 1081 3670 quin
1102 3583 1170 3652 ad¹⁸
1183 3585 1285 3671 spolia

161 3670 343 3739 dividentes
365 3677 424 3738 aut
436 3671 581 3757 captivos
601 3671 638 3736 in
652 3671 795 3738 Scociam
808 3673 1062 3739 transmittentes
1072 3671 1110 3754 3¹⁴
1129 3673 1177 3738 ita
1190 3672 1286 3757 quod,

160 3757 338 3826 secundum
357 3759 512 3844 quosdam
536 3758 716 3837 referentes,
737 3758 857 3844 captivi
878 3759 1076 3844 captivantes
1097 3760 1133 3824 in
1153 3779 1286 3824 numero

160 3845 362 3913 excuderunt
404 3845 456 3911 Ex
476 3851 567 3931 parte
587 3865 663 3912 vcro
685 3845 852 3912 Scotorum
872 3845 970 3910 multi
990 3846 1215 3923 occubuerunt,
1228 3843 1285 3910 sed

161 3952 228 3998 non
251 3932 293 3999 ad
318 3931 475 3999 decimam
502 3936 627 4019 partem
651 3931 837 4017 Anglorum.
891 3933 1144 4019 verumptamen
1168 3930 1286 3996 nobilis

160 4039 266 4086 comes
289 4020 329 4086 de
356 4019 508 4105 Douglas,
536 4024 576 4085 ut
599 4019 816 4104 premittitur,
838 4019 878 4085 de
906 4025 999 4086 nocte
1023 4019 1218 4096 vulneratus,
1246 4018 1286 4083 de

207 4191 218 4227 ¹
231 4193 259 4246 0.
272 4192 304 4245 m
315 4193 488 4262 promulgato.
559 4189 612 4245 ¹13.
627 4192 655 4245 C.
668 4191 702 4244 D.
717 4192 747 4244 Ε.
761 4191 840 4246 Secti.
957 4189 1010 4243 ⁸0.
1024 4190 1054 4242 u
1067 4189 1165 4244 Sohire.

207 4261 418 4316 ⁴0.E00mm
558 4259 780 4315 tominvnon
955 4257 1180 4313 ⁶C.It.omitsic.

206 4331 219 4368 ⁷
231 4333 264 4386 D.
279 4333 378 4400 Henry.
558 4329 610 4385 ³0.
624 4333 655 4384 E.
668 4332 820 4400 fugandum.
858 4329 889 4385 D.
903 4330 1078 4394 oderedsrom
1090 4331 1242 4400 iugandum

206 4399 422 4457 ‘emmane
505 4401 568 4456 ¹⁰0.
581 4403 613 4454 Ε.
626 4401 680 4468 qui.
769 4399 970 4454 ”diiaiaucu
1041 4398 1202 4456 ¹¹c.1o.0b.

196 4471 258 4528 ¹³0.
272 4475 370 4528 maur.
503 4471 566 4528 ¹⁴0.
580 4473 609 4526 n
622 4471 782 4536 diciderunt,
797 4472 1006 4525 transmiserunt
