3282 5124
344 475 403 534 180
480 540 484 549 ι
717 485 811 534 LIBER
825 485 1092 535 Pnnscisnnnsrs

341 645 531 721 excessibus,
556 643 596 708 ad
625 644 739 709 seriose
763 643 997 709 discribendam
1024 639 1265 708 exhortandam²
1293 641 1461 726 cujusdam

342 732 511 794 vetustatis
526 731 709 808 *historiam
734 731 809 816 quia
832 731 974 814 ignotam
999 736 1031 795 et
1055 731 1216 807 incertam,
1239 749 1272 794 se
1295 729 1461 795 convertit

343 815 436 892 Quae¹
456 817 595 894 historia,
616 817 691 882 licet
712 837 752 882 ex
772 817 901 882 remotis
921 816 1018 883 velud
1039 837 1079 882 ex
1100 817 1226 902 gemino
1249 836 1309 880 ovo
1332 815 1392 880 sic⁸
1405 815 1461 880 de·

341 903 467 986 scripta,
490 903 525 967 in
553 903 708 989 principio
732 903 879 968 videatur
902 903 1017 980 suavis,
1042 903 1280 988 superficialiter
1301 901 1402 987 polita
1425 907 1462 965 et

342 990 419 1054 satis
440 990 567 1073 pulcra;
591 990 763 1074 sophistica
783 995 892 1054 tamen
912 1010 981 1055 csse
1005 989 1213 1066 convincitur,
1233 995 1267 1053 et
1287 989 1375 1052 omni
1396 987 1462 1052 fide

341 1095 449 1152 vacua,
478 1077 637 1160 exquisita
664 1076 810 1141 funditus
837 1075 941 1141 radice
969 1076 1100 1161 negocii,
1126 1083 1159 1141 et
1182 1075 1228 1140 rei
1250 1081 1347 1159 gestae
1373 1079 1461 1138 tecta

341 1162 526 1227 medullitus
551 1163 701 1240 veritati,¹
722 1170 817 1247 prout
844 1183 885 1227 ex
909 1163 1114 1246 sequentibus
1142 1161 1257 1227 clarius
1286 1161 1458 1245 apparebit

341 1247 384 1312 Et
398 1249 471 1313 dato
485 1249 571 1333 quod
587 1250 678 1313 Bruti
691 1249 744 1314 vel
765 1249 933 1314 Britcnum
947 1249 1108 1314 Suonum
1122 1269 1170 1326 re,
1184 1255 1270 1312 tacta
1282 1249 1460 1332 peripsum

339 1355 454 1419 regem,
463 1338 571 1420 ignota
585 1337 735 1400 memoria
749 1341 782 1400 et
795 1343 915 1400 remota
928 1343 1005 1400 tunc
1020 1336 1149 1401 haberet
1159 1335 1281 1419 aliquid
1295 1335 1458 1413 veritatis;

340 1442 411 1507 quse
425 1423 465 1486 ad
487 1423 636 1487 moderna
657 1429 764 1486 tamen
785 1427 934 1506 tempora,
949 1423 1000 1487 vel
1021 1421 1171 1499 dominia,
1183 1422 1290 1486 locum
1311 1420 1373 1485 sibi
1393 1441 1459 1484 non

339 1509 519 1584 vendicant,
529 1516 567 1572 ut
581 1515 654 1592 pote
669 1509 931 1591 subsequencium
947 1516 1105 1593 gestamm
1119 1528 1223 1573 rerum
1234 1515 1267 1572 ct
1280 1513 1459 1592 temporum

341 1594 444 1657 muta¹
464 1603 498 1658 et
510 1597 669 1659 innovata
688 1595 840 1659 varietate
862 1595 1007 1659 sublata:
1033 1595 1089 1659 sed
1104 1615 1163 1659 nec
1184 1595 1253 1677 ipse
1269 1615 1325 1658 rex
1346 1593 1460 1657 ullanr

339 1679 544 1744 vetustatem¹
560 1681 727 1744 Britonum
743 1681 832 1764 juste
848 1682 1021 1758 continuat,
1036 1681 1102 1745 suis
1123 1679 1377 1765 oppressionibus
1392 1700 1458 1743 mo-

341 1765 446 1830 dernis
469 1767 648 1830 novissimis
670 1767 845 1831 subsecutis
866 1768 949 1832 circa
965 1774 1085 1832 statum
1106 1767 1194 1851 regni
1211 1767 1328 1831 Scooiae
1349 1786 1457 1848 supra-

341 1851 469 1916 dictum
515 1853 654 1936 Quique⁸
674 1873 776 1930 nemo,
790 1853 893 1938 seipso
914 1861 1004 1929 teste,
1018 1860 1121 1932 actore
1136 1853 1231 1917 simul
1253 1858 1285 1917 et
1300 1852 1410 1937 judice
1422 1853 1457 1915 in
1475 1861 1481 1870 '

340 1939 582 2038 cause'propria,
596 1946 629 2005 et
642 1960 700 2023 per
713 1940 830 2024 scripta
844 1941 970 2025 propria
990 1947 1095 2024 potest
1111 1947 1250 2004 astruere
1272 1945 1306 2004 et
1326 1938 1458 2022 probare
1476 1985 1487 2006 .

335 2025 499 2108 justiciam
522 2045 588 2090 susa
611 2027 746 2110 propriae
768 2047 877 2091 causes
921 2026 989 2091 Nec
1003 2027 1128 2103 mirum,
1145 2025 1270 2091 siveris
1285 2025 1458 2090 destitutus

338 2112 566 2177 assertionibus
577 2113 659 2196 justi
669 2112 786 2198 judicis
799 2113 948 2178 formidat
958 2112 1124 2196 judicium,
1139 2119 1171 2176 et
1185 2107 1335 2177 eventrim
1350 2121 1459 2176 contre

338 2197 445 2282 ipsum
464 2199 633 2264 sentencias
654 2200 898 2285 promulgandae,
912 2199 1037 2285 sijuste
1050 2199 1189 2264 maxima
1203 2198 1460 2264 examinarentur

339 2303 397 2350 sua
417 2285 501 2350 fecta
522 2287 669 2369 quamvis
688 2287 803 2352 absens
824 2287 901 2372 ipsc,
923 2287 1039 2351 tacitus
1061 2286 1104 2351 sit
1128 2289 1306 2350 contumax.
1351 2285 1458 2348 Primo

338 2377 446 2436 tamen
467 2372 551 2436 sedis
565 2373 757 2457 Apostolicae
771 2373 859 2438 visus
880 2379 930 2438 cst
950 2393 1007 2458 per
1020 2373 1088 2438 sola
1104 2392 1161 2437 sua
1184 2371 1285 2456 elogia
1299 2370 1457 2436 declinam

339 2477 481 2536 examen,
496 2459 631 2524 levitici
649 2460 772 2544 generis
792 2460 961 2524 sacerdotis
983 2467 1016 2524 et
1033 2458 1151 2543 judicis
1166 2467 1284 2523 cuncta
1302 2458 1456 2536 rimantis,

338 2543 475 2608 Romani
503 2545 670 2628 pontificis,
699 2545 839 2628 refugere
863 2545 1042 2629 judicipm3
1069 2553 1136 2610 tarn
1164 2545 1284 2628 injuste
1305 2565 1327 2611 ‚e
1369 2543 1457 2609 listis

337 2631 449 2712 utique
463 2651 483 2693 a
497 2631 580 2694 Deo⁹
590 2633 752 2716 provisum
765 2632 801 2694 in
814 2631 905 2696 terris
920 2631 1078 2716 singulare
1092 2632 1249 2716 refugium
1263 2637 1296 2694 et
1342 2631 1458 2694 timum

338 2716 373 2778 vi
387 2718 563 2799 oppressis:
585 2737 709 2782 necnon
730 2718 831 2783 eciam
855 2725 888 2782 et
906 2717 1147 2782 renovaeionis¹⁰
1161 2717 1304 2800 ejusdam
1324 2716 1455 2800 negocii,

337 2821 394 2884 per
408 2802 514 2866 eedem
535 2804 639 2886 ipsam
658 2803 698 2867 ad
720 2804 842 2868 curiam
863 2803 947 2880 facti,
962 2803 1134 2869 enervara¹¹
1150 2804 1305 2881 effectum,
1319 2823 1374 2886 per
1387 2802 1455 2866 sola

337 2887 527 2952 mendacia¹¹
540 2889 688 2973 suffragia
710 2890 779 2966 eibi,
801 2910 866 2954 non
885 2891 1027 2974 probata,
1040 2891 1097 2955 sed
1118 2889 1232 2955 frivole
1251 2897 1284 2954 et
1305 2888 1456 2954 invalidae

338 2975 515 3052 vetustatis,
528 2975 616 3038 nuda
630 2982 663 3040 et
676 2996 734 3040 sua
748 2975 816 3040 sola
829 2977 1013 3053 assercione,
1027 2977 1129 3042 Scotis
1143 2977 1222 3060 ipsis
1241 2975 1363 3042 auferre
1372 2975 1455 3059 juris

336 3061 511 3143 respirandi
526 3062 709 3138 remedium,
720 3067 753 3127 et
761 3061 964 3126 subsidium¹¹
975 3063 1068 3127 diotae
1082 3063 1175 3140 sedis,
1183 3064 1274 3147 cujus
1285 3069 1335 3128 est
1348 3063 1455 3146 ipsum

336 3166 468 3230 regnum
494 3149 627 3229 Scocise;
655 3148 713 3212 et¹⁴
734 3148 802 3213 sine
826 3148 927 3233 ipsius
952 3147 1036 3214 sedis
1061 3150 1241 3234 apostolicae
1263 3155 1456 3233 contemptu,

332 3233 630 3318 jurisdiccionisque
648 3235 750 3320 ipsius
771 3233 1015 3319 praejudicium1¹
1036 3255 1101 3300 non
1121 3235 1316 3312 modicum‚¹¹
1329 3242 1362 3300 et
1375 3255 1456 3299 ausu

333 3319 546 3404 restringere¹¹
560 3320 702 3406 ejusdem
716 3321 867 3386 Romanas
880 3319 1022 3387 ecclesias
1042 3322 1299 3405 Jurrsdrccronem
1321 3321 1455 3398 solitam,

337 3405 522 3490 interreges
537 3414 569 3471 et
589 3428 684 3492 regne
698 3409 846 3484 maxime,
860 3415 893 3473 et
907 3409 1007 3492 ipsius
1022 3408 1251 3493 amplissimam
1264 3415 1455 3492 potestatem

336 3491 561 3574 praehabitam:
586 3501 619 3558 et
640 3495 700 3559 hoo
721 3514 785 3560 non
807 3495 876 3560 sine
897 3496 1039 3580 expressi
1059 3494 1136 3559 mali
1155 3493 1327 3580 pernicie‚¹⁸
1339 3496 1409 3560 vias
1430 3513 1454 3558 s.

1041 3581 1455 3666 o

286 3831 288 3836 ’
384 3827 393 3861 ¹
406 3828 434 3880 0.
447 3828 479 3880 D.
492 3827 522 3880 n
536 3826 706 3878 exhorditam.
791 3826 843 3878 ¹B.
857 3829 930 3890 Quia
1140 3825 1191 3880 3Β.
1207 3830 1249 3880 sit

383 3897 393 3930 ⁴
407 3899 435 3950 G.
448 3899 478 3951 n
491 3898 611 3949 veritate.
794 3895 846 3948 ¹D
860 3903 970 3950 mutata

381 3965 508 4020 ¹Allercl
518 3969 661 4034 hatersrom
671 3967 751 4018 illam.
788 3968 816 4018 O.
830 3967 861 4020 D.
877 3967 904 4018 n
918 3968 996 4020 illam.
1137 3964 1188 4019 ²0.
1203 3969 1232 4020 Ε.
1248 3973 1420 4030 venustatem.

382 4037 394 4071 ⁸
406 4038 437 4090 D.
451 4039 525 4100 Quia.
787 4034 839 4088 'R
853 4037 881 4089 G.
894 4038 926 4088 D.
940 4038 970 4088 Ε.
985 4037 1055 4089 adeo.
1131 4035 1152 4071 ¹⁰
1163 4038 1191 4090 Ο.
1206 4039 1386 4090 revocacionia.

370 4108 390 4142 ¹¹
404 4109 431 4161 O.
446 4108 478 4158 D.
492 4109 521 4161 ll.
535 4117 693 4160 enumerare
776 4103 798 4140 ¹¹
810 4107 839 4162 0.
852 4107 882 4160 ll.
896 4108 1029 4159 meditata
1130 4106 1151 4142 ¹¹
1163 4107 1191 4160 0.
1205 4108 1235 4159 Ε.
1248 4107 1433 4163 subdioionenr.

370 4178 393 4214 ¹¹
403 4179 431 4230 Ο.
444 4179 475 4231 Ε.
488 4179 542 4230 add
552 4195 611 4230 non.
775 4174 797 4210 ¹¹
809 4177 837 4230 O.
851 4179 1035 4245 praejudicinm.
1072 4177 1101 4230 E
1118 4179 1276 4244 prejudicio.

370 4247 391 4284 ¹⁸
403 4249 579 4314 &modicam
616 4248 647 4301 Ε.
659 4247 768 4299 modica.

369 4319 391 4354 ¹¹
403 4320 432 4371 R
445 4319 477 4370 D.
490 4318 681 4386 restringenda.
718 4319 745 4370 (l.
761 4319 929 4386 restngendn.
967 4319 996 4372 Ε.
1010 4317 1189 4385 restingendoe.

368 4387 429 4442 1⁸0.
443 4390 472 4440 Ε.
486 4390 607 4456 pronicio.
1127 4385 1148 4421 ¹⁹
1160 4388 1188 4440 R
1202 4387 1259 4440 lori.
1295 4389 1325 4442 E.
1338 4390 1413 4442 forte.

368 4457 429 4512 ²⁰0.
444 4461 472 4512 E
486 4459 685 4527 praescripcione.
1127 4456 1147 4492 ¹¹
1164 4460 1190 4511 E.
1204 4475 1287 4512 cansa
