3254 5122
545 485 932 536 cremumrornrrrcn.
1212 472 1304 536 xxvii

170 649 222 714 De
236 646 392 713 eleccione
406 644 561 712 Gstbelos
576 645 611 710 in
626 664 741 730 regem,
753 649 785 710 et
799 645 869 729 ejus
883 644 1082 729 prcfeccione
1092 663 1204 710 versus
1219 646 1303 710 occi·

258 747 395 812 dentem
978 741 1241 826 capitumet.

169 897 220 961 De
240 901 383 980 tempore
404 915 469 978 quo
494 894 671 960 stacionem
684 892 762 958 fecit
787 892 823 957 in
843 893 965 959 Affrica
979 892 1141 971 Guthelos,
1157 899 1190 960 et
1205 913 1301 960 oense

255 1014 320 1079 que
333 994 438 1078 primo
451 992 593 1058 venitin
608 991 810 1076 Hispaniam
977 989 1170 1075 camisum
1183 991 1255 1060 xiii.

171 1132 222 1197 De
236 1151 332 1198 censs
346 1131 398 1196 sui
411 1149 553 1196 recessus
568 1149 608 1194 ex
623 1129 765 1214 AEgipto,
780 1129 958 1194 secundnm
973 1128 1139 1214 quosdam

979 1227 1169 1310 captum
1183 1225 1269 1294 xiiii.

172 1367 318 1446 Qualiter
328 1367 468 1452 'primam
482 1365 625 1452 optinuit
639 1365 748 1432 sedem
762 1367 798 1432 in
814 1367 974 1452 Hispanis
989 1366 1153 1433 Gathelos.

976 1463 1170 1550 iispitulur
1184 1471 1232 1532 ub.

218 1661 220 1667 ,
312 1603 434 1657 Proculo
447 1605 488 1674 (tt.
502 1621 529 1672 p.
544 1606 584 1667 14,
597 1604 615 1657 l.
629 1601 675 1672 32)
688 1603 744 1656 sols
755 1603 854 1669 buitur.

173 1735 324 1822 Sequitur
348 1736 388 1802 de
413 1737 567 1804 continue
592 1735 678 1802 caede
703 1755 835 1800 suorum
860 1735 981 1801 ibidem
1002 1737 1161 1822 gencium,
1174 1739 1305 1820 propter

259 1836 345 1921 quod
359 1837 572 1922 exploratores
587 1856 644 1921 pro
659 1835 751 1901 terris
772 1835 970 1920 requirendis
996 1836 1032 1900 in
1057 1855 1174 1901 ocecno
1199 1841 1303 1900 truns-

258 1935 367 2016 misit;
387 1942 420 2001 et
435 1935 573 2021 qualiter
586 1936 622 2000 in
636 1939 728 2020 perte
742 1934 880 2019 quedem
895 1934 1003 2000 insula
1017 1934 1200 2000 redierunt.¹

976 2032 1168 2116 uminum
1182 2031 1244 2099 uti.

173 2169 327 2254 Sequitur
340 2169 380 2234 de
395 2169 514 2248 eodem,
529 2175 563 2234 et
578 2169 760 2234 oxhortecic
773 2168 912 2234 filiorum
926 2175 964 2234 ut
979 2169 1018 2233 ad
1035 2169 1154 2234 dictem
1165 2169 1305 2234 insulem

261 2268 394 2332 edirent.
977 2267 1170 2350 captatum
1184 2266 1260 2334 sbti.

315 2404 371 2457 Pro
383 2404 505 2500 legonus
519 2406 561 2471 (u.
574 2421 600 2473 p.
616 2407 656 2468 lc,
668 2404 686 2458 1
701 2405 745 2469 18)
757 2405 848 2471 kqitur
855 2405 969 2458 :-1tsrn
987 2405 1111 2474 legende
1122 2406 1212 2458 emori
1224 2405 1305 2458 Bren-

313 2487 535 2638 sirium
550 2571 707 2638 summm
721 2571 761 2635 (c.
776 2570 794 2623 r
807 2571 852 2634 ro)
865 2571 1029 2636 murnum,
1041 2570 1249 2639 nespemsmm

173 2691 324 2776 Sequitur
332 2691 470 2776 qualiter
479 2691 589 2784 Hiber,
598 2691 684 2756 filius
693 2690 834 2770 Getheli,
845 2691 964 2756 dictem
972 2691 1155 2776 ingrediens
1164 2691 1301 2757 insrrlsm

258 2791 407 2875 optinuit,
423 2797 456 2854 et
471 2788 511 2854 de
526 2791 655 2855 nomine
670 2810 728 2855 suo
743 2789 930 2855 nominavit.

975 2886 1167 2974 tarisum
1181 2889 1271 2956 xciii.

173 3025 324 3111 Sequitur
337 3026 378 3091 de
391 3026 455 3091 hiis
470 3045 543 3110 quae
558 3024 670 3091 doctor
683 3025 838 3091 Ysidcrus
853 3033 886 3092 et
900 3027 1092 3092 venerabilis
1107 3026 1195 3091 Beda
1205 3027 1303 3111 scrip-

258 3131 368 3190 serunt
383 3125 423 3190 de
437 3124 525 3190 dicte
538 3125 645 3190 insule
661 3125 832 3190 Hiberniae.
978 3122 1171 3208 liupituluur
1184 3124 1247 3193 xix.

173 3262 324 3346 Sequitur
339 3261 378 3326 de
394 3262 511 3346 quibus
525 3261 650 3346 legibus
665 3261 821 3346 populum
836 3281 932 3328 suum
946 3261 1111 3326 instruxit.

975 3357 1166 3444 limitatum
1180 3379 1229 3428 xx.

312 3497 368 3550 Pro
378 3495 504 3548 monus
517 3497 558 3560 (u.
571 3512 597 3563 p.
613 3497 654 3560 rs,
667 3496 685 3549 r
699 3497 743 3560 scr
756 3495 868 3564 ptume
880 3497 977 3562 quur.

172 3617 325 3702 Sequitur
338 3618 378 3683 de
392 3618 591 3683 successione
605 3617 666 3681 filii
680 3617 835 3683 Gethelos
849 3617 954 3683 Hiber
966 3618 999 3682 in
1015 3639 1122 3704 regem
1138 3619 1302 3686 Scotorum

260 3725 333 3802 post
347 3723 482 3784 mortem
496 3717 596 3802 petris
610 3718 646 3781 in
660 3717 820 3802 Hispanis
835 3717 1032 3802 degencium
1075 3777 1078 3785 ,

979 3815 1175 3900 uacuum
1189 3815 1252 3884 xxi.

313 3955 376 4008 Post
382 3955 526 4008 incolatum
536 3953 577 4020 (ib.
590 3971 616 4021 p.
632 3955 672 4017 19,
684 3954 701 4006 1
717 3955 761 4019 17)
774 3957 809 4007 ric
821 3955 1065 4021 inpium—Quibus
1083 3957 1165 4008 esium
1176 3953 1304 4006 frutribus

345 4037 399 4090 illio
410 4039 468 4090 sins
479 4037 549 4090 bello
561 4037 673 4104 receptis
682 4055 689 4099 ς
707 4036 868 4088 Hermonins
878 4053 948 4102 vero,
958 4037 1061 4090 duobus
1070 4037 1197 4090 frutribus
1204 4035 1303 4087 ibidem

345 4121 452 4185 relictis,
478 4125 507 4172 st
536 4119 636 4172 (lictum
658 4123 757 4172 terrum
780 4119 888 4186 pacifice
915 4119 1111 4188 occupantibus,
1136 4119 1170 4170 sd
1191 4122 1301 4185 patrem,

345 4211 388 4256 etc.

204 4371 214 4405 ²
227 4373 291 4424 This
303 4372 356 4425 end
367 4373 414 4426 the
425 4373 571 4442 remaining
582 4373 656 4426 titles
668 4389 713 4424 ars
724 4371 771 4424 the
788 4372 891 4424 rubrius
906 4373 994 4424 which
1012 4371 1075 4437 only
1086 4387 1147 4424 ucw
1164 4387 1261 4439 sppesr
1273 4377 1302 4424 ut

167 4443 214 4494 tbs
226 4443 295 4495 head
307 4445 334 4494 ol
345 4443 393 4495 tire
404 4445 533 4510 chspters
