3240 5130
320 483 381 542 322
672 491 767 541 uana
781 487 1048 542 PLUSOARDENSIS.

319 672 404 736 papa
428 649 598 734 Gregorius
620 648 805 714 fulminavit
827 648 1023 715 sentenciam
1048 645 1388 713 excommunicacionis
1410 646 1448 712 in

241 799 242 802 ,
320 738 472 814 Scociam,
494 737 530 802 in
553 756 663 802 omnes
687 736 744 820 qui
766 736 851 801 bona
873 735 1094 822 episcoporum
1121 739 1195 820 post
1223 739 1358 800 mortem
1383 733 1447 800 sibi
1487 781 1492 788 ·

320 824 575 909 appropriabant,
588 823 730 890 dicentes
744 819 791 888 se¹
805 842 915 888 eorum
936 821 1076 899 heredes,
1095 828 1129 887 et
1150 840 1260 887 eorum
1281 821 1366 886 bona
1384 821 1448 886 sibi

319 910 503 995 usurpando
531 910 698 996 rapientes,
727 914 884 995 pretextu
913 907 1080 993 cujusdam
1104 907 1345 973 consuetudinis
1377 907 1447 972 sive

320 997 507 1082 comuptelae
534 1017 607 1082 quae
634 1002 744 1082 postea
772 994 982 1062 declarabitur
1005 994 1042 1060 in
1069 994 1285 1080 sequentibus
1341 995 1447 1075 Quam

321 1084 584 1150 consuetudinem
615 1104 672 1150 rex
699 1083 840 1149 Jsccbus
868 1081 1028 1149 secundus
1055 1081 1215 1146 modernis
1249 1081 1447 1166 temporibus

321 1171 469 1250 extinxit,
483 1176 517 1236 et
531 1169 687 1257 episcopis
708 1169 842 1235 liberam
863 1174 896 1234 et
916 1167 1093 1252 plenariam
1112 1173 1304 1253 potestatem
1325 1174 1447 1233 restau-

319 1257 434 1322 ratam²
462 1258 596 1323 condere
623 1255 780 1322 divimtm
811 1253 982 1340 inpiratua⁸
1010 1256 1176 1332 concessit,
1203 1260 1237 1320 et
1265 1254 1305 1321 de
1332 1261 1446 1320 uetere

319 1345 510 1410 inaeternnm
546 1343 665 1410 eisdem
702 1341 906 1427 approbando
942 1346 976 1406 et
1009 1340 1196 1406 ratificando
1239 1339 1446 1424 confirmavit

319 1431 440 1497 Eodem
453 1432 555 1497 ceiam
575 1451 659 1496 anno
681 1429 829 1496 dominus
849 1427 1013 1494 Walterus
1034 1428 1074 1494 de
1095 1427 1265 1506 Wardlarr,
1279 1429 1447 1513 episcopus

319 1517 525 1584 Glascuensis
539 1521 573 1582 et
586 1516 764 1594 cardinalis,
777 1516 902 1600 legatus
916 1533 936 1578 a
948 1513 1056 1592 latere,
1070 1514 1156 1599 quod
1169 1534 1239 1580 raro
1260 1515 1367 1580 visum
1388 1519 1447 1592 est,

319 1605 355 1669 in
368 1605 513 1670 Scociam
527 1603 680 1669 efficitur:
706 1607 774 1668 tam
798 1602 840 1668 ad
861 1621 994 1687 regnum
1020 1601 1138 1667 Scooiae
1163 1621 1261 1686 quam
1281 1601 1447 1667 Hibernia

319 1711 394 1756 cum
407 1690 504 1774 plena
523 1694 681 1772 potestate
702 1687 882 1774 specialiter
900 1687 1071 1772 deputata
1090 1688 1161 1754 est⁴
1202 1687 1324 1753 Eodem
1344 1688 1447 1754 eciam

318 1782 461 1860 tempore
475 1775 658 1842 Wilielmus
673 1795 778 1841 comes
792 1776 832 1842 ds
845 1777 898 1840 Do
939 1775 988 1840 lus
1001 1779 1104 1840 totam
1117 1775 1254 1860 patriam
1275 1774 1446 1840 Tavidsliae

320 1863 361 1928 sd
374 1862 470 1928 fidem
483 1867 517 1928 et
531 1881 642 1947 pacem
655 1863 737 1948 regis
752 1861 870 1928 Scociae
939 1861 1019 1942 urit,
1028 1881 1101 1947 quae
1110 1860 1152 1927 ad
1162 1860 1258 1928 iidem
1267 1861 1446 1945 Anglorum

319 1953 495 2034 atempore
509 1949 587 2014 belli
612 1948 653 2014 de
677 1950 802 2014 Duram
825 1968 929 2033 usque
952 1947 993 2012 ed
1017 1947 1102 2014 hano
1126 1948 1238 2013 boram
1260 1946 1443 2032 permansit

321 2035 386 2115 Qui
400 2056 505 2101 comes
519 2041 638 2121 postea,
652 2036 760 2101 subite
769 2035 955 2102 infirmitate
966 2038 1081 2114 tactus,
1094 2035 1130 2100 in
1140 2041 1243 2101 castm
1254 2033 1446 2119 deDouglns

320 2123 499 2201 defunctis,
513 2129 547 2188 et
567 2121 653 2206 apud
674 2123 794 2188 Meiros
817 2121 963 2207 sepultus
987 2121 1166 2206 requiescit.
1210 2121 1273 2188 Oui
1293 2121 1448 2187 successit

319 2209 407 2275 filius
419 2209 489 2294 ejus
499 2210 523 2276 J
523 2209 649 2286 acubus,
658 2207 817 2295 Anglicis⁵
831 2209 1001 2275 acerrimus
1012 2229 1136 2294 semper
1145 2214 1178 2274 et
1186 2209 1341 2276 maus:
1361 2227 1448 2286 nam,

320 2296 489 2362 confestim
523 2300 598 2382 post
625 2302 760 2362 mortem
788 2295 897 2381 patris,
926 2293 1111 2378 duplicatis⁶
1138 2295 1262 2361 vicibus
1292 2295 1448 2380 Angliam

319 2382 468 2449 intrando
487 2382 708 2468 potencialiter
727 2388 762 2449 et
775 2381 934 2448 hostiliter
954 2401 1057 2468 usque
1079 2381 1121 2450 ad
1142 2381 1274 2448 Novom
1296 2383 1447 2448 Castrum

320 2470 428 2536 omnia
441 2469 596 2538 vastando
609 2469 851 2538 consummarit.

343 2713 505 2801 §multu
517 2715 554 2786 br
569 2717 704 2788 dueum
718 2715 971 2787 ballimatiae
985 2715 1158 2798 §mucul
1172 2716 1210 2786 io
1224 2716 1418 2803 adjutum

543 2814 719 2898 §merea
730 2819 840 2887 aare
853 2815 1135 2903 eustasi-[ii-
1151 2816 1222 2904 aa]

172 2986 303 3038 aanor
322 2953 502 3054 flauo
530 2998 606 3045 vero
640 2978 775 3044 nomm
802 2980 1051 3047 necamur
1083 2999 1141 3046 rex
1175 2979 1326 3058 nnn,
1361 2978 1449 3044 uras

322 3064 453 3129 modurn
476 3064 516 3130 de
540 3066 748 3151 prosperitate
769 3065 936 3132 Scotorum
957 3066 1161 3146 exhilaratus,
1183 3067 1274 3132 misit
1287 3066 1448 3151 quendam

322 3151 460 3216 militem
473 3172 514 3218 cx
528 3151 713 3238 Burgundia
726 3153 905 3235 oriundum,
919 3155 1049 3220 nomine
1063 3155 1086 3219 J
1086 3153 1246 3219 ohannem
1260 3154 1300 3219 de
1313 3153 1449 3233 Bienne,

323 3238 472 3306 comitem
486 3239 526 3305 de
539 3238 757 3305 Vaientinoiz⁰
771 3244 804 3305 et
817 3241 1020 3307 admiralium
1041 3240 1191 3319 Francia,
1201 3260 1276 3305 oum
1285 3239 1450 3305 notabili²⁰

323 3331 516 3392 minutorum
536 3325 689 3391 comitiva
709 3325 856 3394 decorata
875 3327 997 3394 milicia
1010 3327 1170 3413 octoginta
1190 3324 1357 3392 militum¹¹
1371 3346 1449 3392 cum

322 3431 432 3478 eorum
445 3413 644 3498 sequacibus,
665 3412 794 3498 optime,
808 3419 846 3479 ut
859 3414 977 3493 decuit,
989 3415 1131 3480 munitos
1145 3419 1179 3479 et
1199 3414 1240 3479 ed
1261 3412 1450 3480 bellandum

323 3505 456 3584 paratos
500 3498 565 3578 Qui
593 3499 678 3585 apud
700 3500 837 3566 Dunbur
861 3506 895 3567 et
916 3499 1009 3567 Leith
1029 3501 1252 3587 applicuerunt
1262 3524 1272 3582 ;
1296 3504 1338 3578 et,
1359 3499 1450 3585 apud

320 3585 509 3670 Edinbungh
522 3606 594 3671 rege
608 3585 765 3654 existente
781 3605 856 3653 cum
876 3588 1078 3674 magnatibus
1100 3587 1176 3666 suis,
1189 3585 1452 3672 quinquaginta¹2

321 3673 411 3759 paria
439 3693 599 3738 armenam
624 3673 792 3760 integralis
820 3695 861 3740 ex
889 3681 981 3760 parte
1008 3675 1091 3760 regis
1119 3674 1262 3740 Francius
1282 3672 1346 3738 sibi
1365 3693 1451 3758 prae-

320 3764 536 3838 senteverunt,
546 3777 621 3824 cum
635 3759 770 3826 totidem
783 3760 896 3826 lenciis
911 3766 945 3826 et
957 3761 1081 3846 targiis3
1095 3781 1132 3826 ac
1146 3761 1248 3826 eciam
1261 3759 1297 3824 in
1310 3760 1452 3845 pacm

320 3851 486 3912 numerata
499 3845 732 3931 quinquaginta
744 3847 848 3914 millis
868 3847 1049 3914 francorum
1069 3847 1140 3913 auri
1159 3845 1252 3932 regi¹⁸
1266 3846 1385 3913 Scocioe
1405 3867 1453 3912 ex

319 3938 410 4018 parte
437 3933 521 4018 regis
548 3932 692 3999 lbanoise
719 3939 753 3999 et
781 3954 822 4000 ex
850 3935 920 4018 ejus
947 3953 1029 4019 puro
1058 3933 1142 4000 dono
1171 3932 1454 4016 deliberaverunt3

366 4119 627 4174 ¹0.D.E.omitse.
734 4116 1009 4176 ’calomen
1132 4117 1445 4186 moranensem

365 4187 378 4222 ⁴
389 4190 419 4242 0.
433 4190 463 4242 a
477 4193 537 4242 orat
548 4195 597 4244 est
734 4187 787 4243 ⁶0.
799 4189 832 4244 D.
846 4189 878 4242 Ε.
890 4189 991 4259 Anglis
1133 4189 1144 4224 ⁸
1156 4190 1186 4243 Β.
1199 4189 1355 4257 duplicibus.

365 4257 416 4313 ⁷0.
429 4260 463 4313 D.
475 4259 506 4313 lt
519 4261 617 4314 Scaeis.
653 4260 681 4313 0.
695 4259 726 4312 a
738 4259 795 4312 add
805 4263 855 4313 eto.

365 4325 376 4363 ⁸
388 4329 418 4382 Β.
433 4329 465 4383 D.
479 4331 585 4400 Augias
622 4331 649 4384 0.
664 4331 694 4384 lt
708 4329 853 4399 Anglorum
867 4330 1022 4398 potenciam.
1131 4326 1184 4384 ⁰0.
1197 4329 1228 4385 E.
1240 4329 1427 4398 Bulentynois.

353 4397 375 4433 ¹⁰
387 4400 417 4453 0.
429 4401 553 4454 meabili.
590 4401 620 4456 rt
633 4401 756 4454 nonabil'u
1119 4399 1140 4435 ¹¹
1152 4401 1181 4454 R
1195 4400 1312 4453 millium

353 4467 375 4506 ¹²
387 4469 414 4523 0.
428 4470 573 4540 quinginta
1120 4469 1181 4524 ¹⁸0.
1197 4470 1227 4523 Ε.
1240 4471 1316 4539 rcffl's.
