3284 5122
314 452 354 511 96
688 461 784 511 nmrs
800 460 1068 512 enuscrsnnusrs.

308 619 474 705 pectendo,
496 617 587 684 brevi
615 617 744 704 langore
768 625 1016 704 praeoccupatus,
1042 619 1082 685 ab
1106 619 1167 684 bac
1192 620 1264 686 luce
1286 620 1443 706 migravit

311 709 373 774 Oui
387 705 540 772 successit
554 706 640 770 filius
655 707 724 790 ejus
738 706 867 771 nomine
882 707 1030 792 Magnus,
1044 707 1095 772 vir
1108 705 1255 772 literatus
1270 715 1304 772 et
1321 729 1445 794 magnes

309 793 491 879 prudenciae
499 813 605 858 coram
614 793 771 871 omnibus,
780 793 885 878 gracia
895 794 1074 878 preclarus,
1085 799 1118 858 et
1128 793 1286 878 pacificus
1308 795 1444 860 Inanti·

309 881 382 964 quis
397 881 595 946 cronicarum
611 879 729 946 Scocise
742 881 841 965 gestis
860 882 1016 966 scriptum
1030 881 1186 964 reperitur
1205 881 1343 964 qualiter
1356 902 1444 967 reges

310 967 476 1034 Scotorum
498 974 532 1032 et
553 967 716 1031 Pictorum
731 972 841 1032 contre
858 967 892 1031 N
892 967 1035 1032 orwicos¹
1049 968 1134 1032 inter
1147 967 1284 1032 flumine
1297 968 1337 1034 de
1352 969 1444 1053 Phay

299 1061 343 1120 ·et
363 1053 507 1119 Almond
529 1052 709 1119 mirabilem
730 1053 897 1118 victoriam
916 1053 1098 1118 habuerunt
1118 1053 1154 1118 in
1168 1053 1238 1119 loco
1261 1055 1319 1138 qui
1340 1055 1444 1141 Ioug-

309 1140 403 1206 certi²
424 1147 635 1226 nuncupetur.
679 1141 749 1205 Rex
774 1139 1007 1224 Norouuegiss8
1028 1140 1092 1205 hiis
1117 1140 1314 1225 temporibus
1336 1141 1444 1207 Picto·

308 1247 382 1292 rum
405 1234 438 1293 et
462 1228 628 1292 Scotorum
649 1247 746 1310 regns
767 1227 875 1291 taliter
895 1226 1076 1291 infestando
1098 1227 1247 1308 vastavit,
1270 1226 1357 1312 quod
1378 1228 1443 1293 iere

308 1319 378 1379 tota
391 1315 495 1399 patria
508 1334 566 1398 per
578 1333 632 1378 eos
646 1319 801 1398 occupata
815 1317 848 1379 ct
862 1314 1031 1398 subjugate
1045 1313 1156 1378 fuerat
1200 1315 1330 1379 Accidit
1347 1315 1443 1393 eninr,

308 1405 452 1486 tempore
473 1400 620 1485 quodem,
632 1400 798 1465 venientes
820 1420 918 1486 prope
939 1400 1053 1464 villum
1074 1399 1114 1465 de
1136 1401 1243 1478 Pcrth‚
1269 1421 1341 1486 quse
1363 1407 1443 1467 tunc

309 1489 430 1554 Bertha
437 1487 618 1564 vocabatur,
628 1493 661 1551 et
669 1487 756 1570 apud
767 1486 971 1572 Long[c]srdi
986 1488 1202 1552 castrametati
1216 1494 1301 1552 sunt.
1338 1488 1442 1572 Reges

308 1594 384 1638 vero
398 1576 564 1640 Scotorum
578 1579 611 1639 et
625 1573 788 1638 Pictorum
803 1573 980 1638 calliditate
990 1573 1127 1658 quadam
1143 1573 1219 1638 visi⁴
1233 1579 1317 1654 sunt,
1330 1580 1362 1639 ct
1376 1575 1441 1640 duo

308 1661 400 1726 dolce
416 1661 487 1725 vini
508 1680 582 1724 cum
604 1680 697 1725 succo
719 1659 837 1724 elebori
858 1660 950 1744 nigri,
973 1660 1059 1744 quod
1072 1660 1246 1746 vidgeriter
1266 1662 1442 1744 mytilwort

307 1747 433 1824 dicitur,
445 1747 646 1824 miscuentes,
661 1753 701 1826 et,
713 1747 759 1811 eis
773 1746 885 1810 villum
899 1747 935 1811 in
949 1747 1087 1812 crastino
1103 1747 1189 1832 apud
1203 1748 1335 1812 eandem
1351 1749 1441 1812 veni-

307 1835 436 1899 entibus
457 1834 689 1918 promittentes,
704 1832 744 1897 de
764 1853 875 1918 regum
896 1832 1095 1912 liberalitate,
1116 1833 1151 1898 in
1173 1833 1302 1918 signum
1323 1834 1440 1900 iuturae

307 1921 508 2000 obedienciae,
530 1919 793 2000 transmiserunt3
819 1919 859 1985 de
883 1941 948 2004 quo
976 1941 1032 1985 rex
1055 1921 1255 1999 Noricorum,
1277 1941 1350 1987 cum
1372 1926 1440 1986 tota

306 2007 436 2086 milicia,
451 2006 691 2091 supermodum
711 2006 839 2072 laetatus
861 2015 918 2073 est.
963 2007 1202 2093 Consequentur
1215 2029 1299 2088 vero,
1312 2007 1361 2072 hii
1382 2009 1440 2093 qui

306 2093 1440 2268 Petsubibitisedelbertum?,let

305 2275 391 2346 runt,
414 2268 472 2352 qui
492 2266 594 2331 nichil
615 2267 656 2331 ad
680 2275 815 2333 mortem
839 2269 886 2333 eis
911 2269 1030 2332 nocuit.
1076 2268 1145 2331 Alii
1170 2289 1245 2334 vero
1270 2269 1437 2354 posterius,

305 2360 471 2440 grisiantes
481 2355 595 2419 vinum
604 2375 645 2418 ex
654 2354 823 2420 dulcedine
831 2354 965 2418 iectum⁶
979 2353 1086 2420 dictae⁷
1097 2355 1215 2420 elebori
1230 2355 1439 2432 dulcoratum,

170 2435 173 2444 ’
305 2442 429 2526 egregie
450 2447 605 2525 potantes,
627 2461 693 2505 non
718 2440 783 2505 nisi
806 2441 873 2524 regi
895 2445 927 2505 et
952 2440 1153 2524 magnatibus
1178 2441 1307 2506 milicie
1331 2441 1438 2506 disni-

305 2528 463 2608 buerunt;
484 2533 726 2612 verumptamen
741 2527 861 2592 amicus
873 2527 975 2591 amico
990 2527 1073 2592 clem
1083 2526 1136 2591 vel
1150 2527 1257 2610 palam
1272 2527 1311 2592 de
1327 2527 1437 2592 eodem

304 2614 520 2698 propinantes,
541 2614 636 2698 pauci
658 2619 748 2678 crant
769 2611 954 2697 no[te]biles
976 2613 1032 2696 qui
1054 2609 1215 2696 usquead
1237 2633 1437 2678 consumma-

305 2701 430 2764 cionem
444 2721 510 2765 non
524 2700 717 2778 hauserunt5
740 2698 805 2782 qui,
818 2703 894 2762 ante
914 2704 1042 2762 noctem
1056 2697 1128 2762 teli⁸
1140 2699 1290 2763 inebriati
1303 2699 1436 2783 liquore,

305 2786 560 2852 dormitsverrmt
581 2803 691 2849 omnes
713 2787 746 2848 et
767 2783 973 2848 dormierunt.
1016 2784 1112 2864 Quos,
1134 2791 1209 2850 ante
1231 2785 1309 2851 solis
1330 2791 1436 2850 ortum

304 2872 603 2956 supervenientibus
615 2869 719 2934 Sectis
728 2890 801 2934 cum
813 2869 923 2950 Pictis,
935 2890 1053 2950 omnes,
1065 2871 1156 2955 quasi
1171 2871 1261 2936 nullo
1273 2870 1436 2950 evadente,

303 2959 341 3023 in
362 2979 416 3024 ore
430 2958 528 3044 gladii
546 2955 704 3021 conclusit
724 2954 904 3035 Dominus,
926 2957 1004 3040 quia
1024 2961 1092 3021 tam
1113 2977 1170 3022 rex
1184 2978 1282 3042 quam
1303 2958 1436 3037 nobiles,

304 3065 380 3110 cum
396 3053 465 3111 tota
485 3049 579 3128 gente
600 3063 668 3120 sua,
682 3041 820 3106 finaliter
840 3043 1012 3126 perierimt,
1026 3044 1117 3128 cujus
1137 3044 1265 3129 signum
1286 3045 1328 3110 cd
1348 3045 1436 3110 hunc

305 3132 392 3198 diem
412 3151 469 3216 per
482 3128 637 3215 quosdam
659 3129 850 3194 monticulos
872 3129 908 3194 in
929 3129 1127 3215 sepulturam
1148 3139 1346 3197 mortuorum
1367 3133 1435 3197 evi-

305 3220 417 3284 denter
430 3218 465 3280 in
479 3216 565 3282 dicto
578 3216 649 3281 loco
663 3235 814 3299 apparere
828 3217 946 3300 poterit
962 3217 1216 3301 inspicientibus.
1261 3218 1355 3297 Quod
1368 3239 1434 3283 non

304 3303 454 3369 inmerito
479 3324 499 3367 a
522 3303 663 3368 Domino
691 3301 882 3386 permissum
908 3309 977 3384 est3
1001 3324 1078 3368 nem
1107 3325 1148 3369 ex
1170 3305 1304 3390 antiquo
1334 3305 1435 3370 sertin

302 3389 472 3475 praedictos
486 3390 619 3454 Noricos
634 3388 744 3474 regns⁰
754 3389 917 3455 Pictorum
925 3395 958 3455 et
973 3390 1140 3455 Scotorum
1153 3391 1261 3456 tuliter
1270 3393 1435 3472 invasisse,

303 3475 498 3542 destruxisse
520 3483 553 3541 et
566 3482 716 3554 vastasse,
729 3477 817 3560 quod
837 3477 902 3542 iere
923 3483 992 3541 tota
1012 3477 1118 3561 patria
1131 3498 1188 3562 per
1209 3498 1263 3544 cos
1280 3485 1435 3563 occupata

303 3563 416 3641 fueret,
440 3562 553 3628 multis
582 3562 708 3628 cledis¹⁰
728 3563 1017 3628 intervenientibus
1046 3569 1080 3629 et
1108 3564 1335 3632 crudelissimis
1356 3587 1434 3652 gen-

303 3650 391 3715 cium
412 3649 701 3714 innumerabilibus
722 3649 940 3728 occisionibus,
955 3649 1043 3735 quod
1063 3651 1239 3717 teedeosum
1261 3659 1347 3719 esset
1367 3673 1435 3718 me-

303 3735 433 3801 morado
447 3736 482 3800 in
497 3735 623 3820 scriptis
637 3735 785 3820 redigere.

349 3921 400 3976 ¹0.
414 3923 532 3976 Noricos
738 3920 957 3990 ¹1se10ncarey.
994 3925 1023 3979 O.
1036 3925 1067 3978 Ε.
1082 3926 1221 3993 Ionosrty.

348 3993 400 4047 ³0.
414 3996 445 4046 D.
459 3995 488 4046 R
503 3993 672 4064 Norowagiae.
737 3992 789 4047 ⁴0.
804 3993 835 4046 D.
849 3994 879 4046 E.
893 3995 942 4046 nsi.
1118 3997 1170 4049 ³0.
1185 3997 1349 4052 Noricorum.

348 4063 401 4117 ⁶0.
415 4065 444 4116 E
457 4065 600 4118 fructuum.
736 4061 747 4099 ¹
760 4061 790 4116 B.
805 4067 878 4116 omits
889 4065 976 4116 diotre.
1118 4065 1130 4102 ⁶
1142 4069 1172 4120 B.
1185 4071 1259 4121 omits
1271 4068 1325 4120 tuli.

348 4131 567 4204 magnum
719 4132 782 4187 10Β.
797 4135 825 4190 O.
841 4135 871 4188 Fa
887 4135 1016 4188 cladibus
