3286 5112
299 426 361 485 226
673 434 769 483 umus
782 433 1052 484 rnusolnnsusffl.

296 594 400 659 modis
414 592 606 678 uffiigebant,
617 597 650 658 et
660 592 796 677 injuriis,
807 592 956 669 cudibus,
964 591 1106 678 flagellis,
1115 591 1175 657 sub
1186 590 1249 656 diri
1263 591 1427 658 servitutis

292 683 371 767 jugo
386 679 556 745 cnrdeliter
576 680 788 758 trucidabant,
802 678 1004 763 omnipotens
1026 678 1195 756 Dominus,
1209 678 1374 744 miserator
1396 685 1429 745 ct

297 767 475 832 misericors
489 767 588 844 Deus,
602 766 768 832 Scotorum
782 765 918 832 miseriis
932 765 1103 844 continuis,
1118 765 1259 830 ecclesia
1272 769 1305 830 et
1315 765 1429 850 populi

297 854 349 920 sui
364 854 553 918 clamoribus
567 873 760 938 compassus,
770 857 811 932 et,
820 853 915 918 solito
928 873 1024 930 more,
1034 859 1175 935 paternas
1188 852 1320 936 pietatis
1334 853 1430 918 affcc-

298 941 389 1006 cione
404 940 607 1018 stumulutus,
621 941 791 1005 suscitavit
804 939 925 1005 eisdem
939 939 1137 1016 salvatorem,
1150 939 1294 1024 pugilem
1308 944 1342 1004 et
1355 959 1428 1024 prc-

298 1027 528 1112 pugnetcrem,¹
542 1047 643 1092 unum
657 1027 717 1091 viz.
735 1025 775 1091 de
789 1025 932 1111 ejusdem
952 1026 1042 1110 regni
1063 1026 1284 1102 confratribus,
1297 1025 1428 1092 nomine

299 1115 475 1179 Robsrtum
496 1114 536 1178 dc
551 1115 661 1198 Broys,
674 1113 732 1198 qui
753 1133 807 1178 cos
828 1112 868 1178 de
882 1113 955 1178 lacu
976 1113 1112 1178 miseriae
1133 1121 1166 1178 et
1187 1113 1311 1178 deluto
1332 1113 1428 1190 iaecis,

298 1201 388 1266 omni
402 1219 458 1284 sps
471 1199 585 1266 salutis
606 1206 640 1266 et
661 1199 775 1265 auxilii
795 1199 937 1265 totaliter
957 1199 1136 1276 destitutos,
1150 1199 1308 1264 liberavit.
1354 1199 1429 1277 Qui,

298 1287 406 1353 dolore
421 1287 525 1352 cordis
533 1288 725 1352 intrinsecus
736 1292 851 1364 tactus,
859 1287 972 1352 videns
983 1286 1069 1350 mala
1078 1307 1150 1371 quae
1160 1284 1299 1371 populus
1310 1286 1429 1352 scociae

300 1375 393 1458 quusi
421 1373 677 1439 intollerabiliter
711 1374 899 1450 sustinebat,
926 1378 1082 1457 tanquam
1115 1373 1197 1438 alter
1222 1373 1427 1438 Mechabaeus

299 1481 432 1525 manrnn
447 1460 579 1524 mittens
588 1460 630 1525 sd
644 1460 751 1536 forcia,
761 1480 818 1544 pro
831 1460 983 1524 iratribus
997 1457 1170 1524 liberandis
1181 1459 1429 1524 innumerabilia

301 1553 335 1611 et
348 1547 565 1630 importabilia
577 1545 717 1631 pondera
730 1546 796 1612 diei
810 1552 843 1611 et
856 1554 963 1624 cestus,
976 1545 1110 1630 frigoris,
1123 1547 1227 1624 famis,
1240 1546 1277 1609 in
1290 1553 1374 1611 terra
1395 1553 1430 1610 et

300 1633 338 1696 in
350 1633 432 1696 mari
446 1633 555 1711 subiit,
567 1632 735 1698 aclsbores
746 1638 780 1698 et
792 1633 934 1710 insidias,
949 1631 1061 1697 csedia⁸
1068 1639 1102 1697 et
1111 1633 1235 1697 inedias
1243 1640 1277 1697 et
1287 1633 1429 1716 pericula

301 1739 426 1802 magne,
439 1738 506 1783 non
519 1726 648 1785 tantum
661 1719 873 1799 inimicorum,
879 1739 988 1805 ymmo
1004 1720 1105 1784 eciam
1119 1718 1271 1784 falsorum
1285 1720 1428 1796 irutrum,

301 1805 464 1872 sustinuit

322 2077 483 2162 §ircim
504 2077 541 2146 br
561 2077 819 2146 assistentium
840 2076 979 2161 Bubali
1000 2076 1406 2163 ressuscitaturus

365 2177 500 2263 dormo.
515 2179 548 2245 rt
561 2177 760 2246 amando
774 2177 845 2262 uua
858 2199 866 2255 ;
887 2197 957 2244 sucu
973 2175 1280 2246 innumerus-c.
1297 2177 1361 2246 iiii.

301 2313 432 2414 Em
454 2340 574 2407 etenim
603 2339 761 2406 Robertus
785 2339 826 2404 dc
851 2340 960 2425 Broys,
989 2359 1095 2404 comes
1123 2339 1163 2404 dc
1193 2338 1316 2418 Garrik,
1344 2361 1428 2406 anno

149 2445 201 2482 sn.
213 2434 279 2483 18⁰4
300 2428 435 2493 Domini
449 2427 630 2506 mccc⁰iiii
644 2447 710 2491 una
730 2427 854 2491 dierum
875 2427 915 2491 de
938 2425 1101 2511 Strivelyn
1122 2425 1304 2510 equitando,
1320 2447 1429 2492 secum

300 2514 533 2579 concomitante
547 2515 570 2578 J
572 2513 696 2578 channe
706 2513 843 2597 Oumyn,
851 2514 908 2596 qui
922 2533 960 2577 ec
974 2520 1052 2578 tunc
1067 2518 1135 2577 erat
1148 2533 1232 2577 unus
1247 2514 1287 2578 de
1302 2515 1429 2598 majori-

299 2600 360 2665 bus
374 2607 454 2665 natu
475 2600 595 2684 patriae,
609 2607 655 2676 ut,
669 2599 756 2684 quod
769 2620 826 2683 pro
849 2599 1011 2683 republica
1025 2605 1058 2664 et
1071 2599 1155 2664 bono
1177 2601 1340 2666 communi
1353 2601 1429 2665 laeto

299 2687 474 2770 susciperet
482 2686 770 2763 enimuefficcciter
779 2705 872 2770 opere
880 2686 1228 2772 compleret,adipsum
1236 2688 1259 2751 J
1261 2685 1429 2766 ohannem,

300 2773 363 2838 sibi
383 2772 514 2838 iretrem
527 2772 563 2836 in
586 2771 691 2850 armis,
711 2771 845 2855 indigne
865 2772 970 2838 ferens
990 2772 1080 2858 regni
1101 2773 1336 2858 subjeccionem
1357 2793 1429 2838 cru-

299 2859 405 2924 delem
418 2867 453 2924 et
473 2857 710 2923 indesinentem
730 2858 841 2943 populi
862 2859 1077 2938 venacionem,
1097 2859 1201 2943 ipsius
1226 2861 1289 2944 piae
1310 2861 1428 2926 mentis

299 2951 490 3031 conceptum
511 2945 595 3009 circa
615 2944 729 3009 talium
749 2945 1009 3010 reformacionem
1029 2946 1207 3024 insinuens,
1228 2947 1331 3032 ipsius
1354 2967 1429 3012 con-

300 3033 411 3098 silium
440 3038 473 3097 ct
502 3031 661 3096 aurdlium
683 3031 884 3116 postulando,
908 3031 1044 3098 fideliter
1069 3033 1243 3118 equitando
1272 3032 1428 3118 exposuit.

298 3119 351 3197 Et,
362 3118 510 3203 quamvis
524 3118 564 3182 de
575 3119 657 3201 jure,
667 3117 843 3182 secundum
853 3117 947 3202 legis⁸
957 3120 1202 3185 consuetudines
1215 3120 1316 3204 regni,
1326 3120 1429 3184 honor

299 3211 333 3272 et
354 3204 512 3271 successio
526 3205 620 3290 regim
641 3203 809 3290 dignitatis
823 3210 856 3270 ct
878 3205 967 3291 regni
987 3206 1151 3291 regiminis
1173 3207 1214 3272 ud
1235 3207 1344 3291 ipsum
1362 3226 1430 3291 prae

300 3292 422 3357 caeteris
444 3291 627 3358 dinoscatur
647 3291 814 3376 pertinere,
828 3291 1002 3358 utilitatem
1023 3300 1131 3358 tamen
1145 3312 1349 3358 communem
1369 3313 1428 3357 suc

297 3379 369 3462 jure
390 3378 568 3463 praeferens,
588 3377 714 3462 privctc
731 3377 827 3443 modo
848 3385 956 3444 tumen
978 3379 1081 3444 eidem
1102 3379 1254 3457 Johanni,
1268 3386 1307 3444 ut
1326 3399 1429 3445 unum

300 3485 342 3530 ex
356 3464 481 3530 duobus
495 3465 633 3549 eligeret,
644 3485 703 3530 sua
716 3485 797 3550 pure
810 3471 843 3531 et
856 3465 980 3531 sincera
993 3465 1112 3551 optulit
1119 3466 1295 3544 voluntate,
1303 3468 1363 3531 vin
1377 3466 1430 3530 ut⁴

299 3557 357 3616 unt
379 3571 517 3652 regnare,
543 3557 576 3616 st
599 3552 690 3636 regni
713 3553 855 3636 regimen
875 3573 917 3618 ex
940 3557 1019 3630 toto,
1043 3572 1118 3618 cum
1139 3553 1206 3618 suis
1221 3553 1428 3637 pertinenciis

298 3644 332 3706 et
353 3639 449 3724 regim
471 3637 644 3704 honoribus
667 3645 701 3704 et
719 3639 939 3724 dignitatibus,
960 3639 1022 3704 sibi
1047 3645 1081 3704 et
1101 3640 1168 3704 suis
1192 3639 1430 3724 imperpetuum

298 3746 468 3804 assumere,
490 3723 648 3790 concessis
669 3725 732 3789 sibi
753 3724 891 3791 Rcberto
916 3726 983 3791 suis
1006 3726 1098 3791 terris
1120 3731 1154 3790 ct
1174 3725 1428 3810 possessionibus

297 3812 478 3892 universis;
498 3819 556 3876 sut
575 3815 675 3876 terras
696 3811 799 3897 ipsius
820 3812 952 3878 Roberti
972 3817 1006 3878 et
1025 3812 1239 3897 possessiones
1261 3813 1428 3878 universus

298 3899 363 3966 sibi
381 3899 446 3984 ipsi
460 3898 483 3964 J
484 3897 604 3963 chunni
617 3906 651 3963 et
664 3899 731 3964 suis
740 3899 814 3983 jure
828 3905 981 3983 perpetuo
995 3899 1166 3984 possidere,
1180 3899 1292 3964 relicto
1306 3897 1428 3963 tamen⁵

296 3985 436 4052 Robertc
457 3985 521 4070 ipsi
540 4005 638 4136 {spuo
659 3985 820 4069 pmdicto,
834 4005 909 4050 cum
929 3985 1070 4070 proeiatis
1091 3987 1186 4072 regiis
1207 3985 1429 4085 dignitatibus,

527 4091 546 4138 e

296 4071 514 4160 prerogativis
598 4071 766 4137 oneribus:
788 4077 827 4136 ut
840 4072 895 4150 sic,
909 4092 966 4157 per
979 4071 1152 4138 eorundem
1165 4077 1279 4138 mutue
1293 4071 1429 4138 consiliu

297 4165 332 4226 et
349 4159 493 4236 auxilia,⁶
512 4157 661 4224 dedomo
675 4157 840 4224 servitutis
862 4164 895 4224 et
915 4159 1101 4224 mnenimae
1114 4158 1324 4244 subjeccicnis
1338 4159 1428 4224 nuci-

332 4346 387 4402 ¹B.
420 4353 581 4417 regnatorem.
652 4345 703 4401 ²13.
715 4347 743 4399 O.
758 4345 787 4401 ll.
800 4347 888 4400 tredia
1023 4345 1076 4401 ⁸0.
1090 4350 1124 4402 D.
1139 4349 1169 4401 E.
1182 4349 1260 4418 leges.

331 4415 387 4474 ⁴0.
443 4422 554 4474 meunt.
648 4416 972 4475 ‘eunomianos
1021 4416 1428 4485 “Etanxiliaiumaroiolatcn
