<?xml version="1.0" encoding="UTF-8"?>
<!DOCTYPE html PUBLIC "-//W3C//DTD XHTML 1.0 Transitional//EN"
    "http://www.w3.org/TR/xhtml1/DTD/xhtml1-transitional.dtd">
<html xmlns="http://www.w3.org/1999/xhtml" xml:lang="en" lang="en">
 <head>
  <title>
</title>
<meta http-equiv="Content-Type" content="text/html;charset=utf-8" />
  <meta name='ocr-system' content='tesseract 3.04.00' />
  <meta name='ocr-capabilities' content='ocr_page ocr_carea ocr_par ocr_line ocrx_word'/>
</head>
<body>
  <div class='ocr_page' id='page_1' title='image "./liberpluscarden01skengoog_0403.png"; bbox 0 0 3240 5130; ppageno 0'>
   <div class='ocr_carea' id='block_1_1' title="bbox 636 465 1330 524">
    <p class='ocr_par' dir='ltr' id='par_1_1' title="bbox 636 465 1330 524">
     <span class='ocr_line' id='line_1_1' title="bbox 636 465 1330 524; baseline 0.003 -2"><span class='ocrx_word' id='word_1_1' title='bbox 636 473 730 523; x_wconf 75' lang='lat' dir='ltr'>amna</span> <span class='ocrx_word' id='word_1_2' title='bbox 745 473 899 524; x_wconf 73' lang='lat' dir='ltr'>DECIMUS.</span> <span class='ocrx_word' id='word_1_3' title='bbox 1269 465 1330 524; x_wconf 82' lang='lat'>345</span> 
     </span>
    </p>
   </div>
   <div class='ocr_carea' id='block_1_2' title="bbox 201 626 1333 2532">
    <p class='ocr_par' dir='ltr' id='par_1_2' title="bbox 201 626 1333 2532">
     <span class='ocr_line' id='line_1_2' title="bbox 206 626 1332 718; baseline 0.004 -25"><span class='ocrx_word' id='word_1_4' title='bbox 206 626 343 696; x_wconf 85' lang='lat' dir='ltr'>oderunt</span> <span class='ocrx_word' id='word_1_5' title='bbox 372 651 442 699; x_wconf 89' lang='lat' dir='ltr'>eos:</span> <span class='ocrx_word' id='word_1_6' title='bbox 463 632 520 698; x_wconf 89' lang='lat' dir='ltr'>ubi</span> <span class='ocrx_word' id='word_1_7' title='bbox 548 632 635 718; x_wconf 89' lang='lat' dir='ltr'>apud</span> <span class='ocrx_word' id='word_1_8' title='bbox 664 631 889 717; x_wconf 75' lang='lat' dir='ltr'>Sohmvisbery</span> <span class='ocrx_word' id='word_1_9' title='bbox 917 632 1122 698; x_wconf 88' lang='lat' dir='ltr'>commissum</span> <span class='ocrx_word' id='word_1_10' title='bbox 1141 639 1190 698; x_wconf 88' lang='lat' dir='ltr'>ast</span> <span class='ocrx_word' id='word_1_11' title='bbox 1210 631 1332 699; x_wconf 86' lang='lat' dir='ltr'>bellum</span> 
     </span>
     <span class='ocr_line' id='line_1_3' title="bbox 205 715 1331 820; baseline 0.003 -39"><span class='ocrx_word' id='word_1_12' title='bbox 205 715 361 797; x_wconf 80' lang='lat' dir='ltr'>mirabile,</span> <span class='ocrx_word' id='word_1_13' title='bbox 374 720 432 785; x_wconf 92' lang='lat' dir='ltr'>ubi</span> <span class='ocrx_word' id='word_1_14' title='bbox 456 719 552 785; x_wconf 86' lang='lat' dir='ltr'>multi</span> <span class='ocrx_word' id='word_1_15' title='bbox 576 719 699 785; x_wconf 82' lang='lat' dir='ltr'>nobiles</span> <span class='ocrx_word' id='word_1_16' title='bbox 724 718 907 784; x_wconf 77' lang='lat' dir='ltr'>cecideramt</span> <span class='ocrx_word' id='word_1_17' title='bbox 931 739 973 784; x_wconf 85' lang='lat' dir='ltr'>ex</span> <span class='ocrx_word' id='word_1_18' title='bbox 998 725 1133 803; x_wconf 81' lang='lat' dir='ltr'>utraque</span> <span class='ocrx_word' id='word_1_19' title='bbox 1158 725 1248 820; x_wconf 83' lang='lat' dir='ltr'>parta</span> <span class='ocrx_word' id='word_1_20' title='bbox 1261 720 1331 784; x_wconf 88' lang='lat' dir='ltr'>An-</span> 
     </span>
     <span class='ocr_line' id='line_1_4' title="bbox 204 802 1331 890; baseline 0.004 -24"><span class='ocrx_word' id='word_1_21' title='bbox 204 802 338 885; x_wconf 83' lang='lat' dir='ltr'>glorum</span> <span class='ocrx_word' id='word_1_22' title='bbox 381 806 632 890; x_wconf 85' lang='lat' dir='ltr'>Verumptaman</span> <span class='ocrx_word' id='word_1_23' title='bbox 645 805 867 890; x_wconf 84' lang='lat' dir='ltr'>gub[ar]nator</span> <span class='ocrx_word' id='word_1_24' title='bbox 881 805 1008 884; x_wconf 84' lang='lat' dir='ltr'>Scocioe,</span> <span class='ocrx_word' id='word_1_25' title='bbox 1021 805 1142 872; x_wconf 86' lang='lat' dir='ltr'>inscius</span> <span class='ocrx_word' id='word_1_26' title='bbox 1163 805 1253 871; x_wconf 78' lang='lat' dir='ltr'>illius</span> <span class='ocrx_word' id='word_1_27' title='bbox 1267 806 1331 870; x_wconf 77' lang='lat' dir='ltr'>dis</span> 
     </span>
     <span class='ocr_line' id='line_1_5' title="bbox 205 889 1331 978; baseline 0.003 -25"><span class='ocrx_word' id='word_1_28' title='bbox 205 889 321 955; x_wconf 86' lang='lat' dir='ltr'>cordiae</span> <span class='ocrx_word' id='word_1_29' title='bbox 340 892 529 978; x_wconf 82' lang='lat' dir='ltr'>Anglorum,</span> <span class='ocrx_word' id='word_1_30' title='bbox 543 893 613 958; x_wconf 84' lang='lat' dir='ltr'>Deo</span> <span class='ocrx_word' id='word_1_31' title='bbox 634 897 831 977; x_wconf 77' lang='lat' dir='ltr'>cooperante,</span> <span class='ocrx_word' id='word_1_32' title='bbox 846 892 903 976; x_wconf 89' lang='lat' dir='ltr'>qni</span> <span class='ocrx_word' id='word_1_33' title='bbox 924 891 1050 978; x_wconf 83' lang='lat' dir='ltr'>flagella</span> <span class='ocrx_word' id='word_1_34' title='bbox 1071 893 1244 958; x_wconf 76' lang='lat' dir='ltr'>iracundia</span> <span class='ocrx_word' id='word_1_35' title='bbox 1265 913 1331 957; x_wconf 78' lang='lat' dir='ltr'>snm</span> 
     </span>
     <span class='ocr_line' id='line_1_6' title="bbox 205 977 1332 1056; baseline 0.004 -16"><span class='ocrx_word' id='word_1_36' title='bbox 205 977 406 1044; x_wconf 85' lang='lat' dir='ltr'>aScotorum</span> <span class='ocrx_word' id='word_1_37' title='bbox 420 979 552 1045; x_wconf 77' lang='lat' dir='ltr'>nacione</span> <span class='ocrx_word' id='word_1_38' title='bbox 565 979 626 1044; x_wconf 88' lang='lat' dir='ltr'>hac</span> <span class='ocrx_word' id='word_1_39' title='bbox 648 979 719 1044; x_wconf 87' lang='lat' dir='ltr'>vica</span> <span class='ocrx_word' id='word_1_40' title='bbox 740 978 880 1056; x_wconf 85' lang='lat' dir='ltr'>divertit,</span> <span class='ocrx_word' id='word_1_41' title='bbox 893 978 1026 1044; x_wconf 87' lang='lat' dir='ltr'>collecto</span> <span class='ocrx_word' id='word_1_42' title='bbox 1041 978 1199 1044; x_wconf 89' lang='lat' dir='ltr'>nobilium</span> <span class='ocrx_word' id='word_1_43' title='bbox 1213 979 1332 1044; x_wconf 86' lang='lat' dir='ltr'>Scooiae</span> 
     </span>
     <span class='ocr_line' id='line_1_7' title="bbox 205 1064 1333 1150; baseline 0.002 -23"><span class='ocrx_word' id='word_1_44' title='bbox 205 1064 347 1129; x_wconf 83' lang='lat' dir='ltr'>exercitu</span> <span class='ocrx_word' id='word_1_45' title='bbox 368 1065 511 1143; x_wconf 74' lang='lat' dir='ltr'>notabili,</span> <span class='ocrx_word' id='word_1_46' title='bbox 525 1085 656 1132; x_wconf 84' lang='lat' dir='ltr'>numero</span> <span class='ocrx_word' id='word_1_47' title='bbox 677 1065 843 1150; x_wconf 81' lang='lat' dir='ltr'>sexaginta</span> <span class='ocrx_word' id='word_1_48' title='bbox 863 1064 967 1129; x_wconf 85' lang='lat' dir='ltr'>millia</span> <span class='ocrx_word' id='word_1_49' title='bbox 987 1073 1190 1144; x_wconf 84' lang='lat' dir='ltr'>armatorum,</span> <span class='ocrx_word' id='word_1_50' title='bbox 1202 1065 1333 1131; x_wconf 85' lang='lat' dir='ltr'>secessit</span> 
     </span>
     <span class='ocr_line' id='line_1_8' title="bbox 204 1147 1333 1236; baseline 0.004 -24"><span class='ocrx_word' id='word_1_51' title='bbox 204 1147 241 1212; x_wconf 90' lang='lat' dir='ltr'>in</span> <span class='ocrx_word' id='word_1_52' title='bbox 255 1149 452 1216; x_wconf 83' lang='lat' dir='ltr'>laudoniam</span> <span class='ocrx_word' id='word_1_53' title='bbox 473 1158 549 1218; x_wconf 86' lang='lat' dir='ltr'>anta</span> <span class='ocrx_word' id='word_1_54' title='bbox 570 1152 655 1218; x_wconf 88' lang='lat' dir='ltr'>diem</span> <span class='ocrx_word' id='word_1_55' title='bbox 677 1156 854 1231; x_wconf 68' lang='lat' dir='ltr'>statutum</span> <span class='ocrx_word' id='word_1_56' title='bbox 874 1151 1006 1236; x_wconf 75' lang='lat' dir='ltr'>etquis</span> <span class='ocrx_word' id='word_1_57' title='bbox 1026 1151 1130 1216; x_wconf 87' lang='lat' dir='ltr'>multa</span> <span class='ocrx_word' id='word_1_58' title='bbox 1150 1151 1220 1217; x_wconf 84' lang='lat' dir='ltr'>loca</span> <span class='ocrx_word' id='word_1_59' title='bbox 1233 1153 1333 1217; x_wconf 84' lang='lat' dir='ltr'>forcia</span> 
     </span>
     <span class='ocr_line' id='line_1_9' title="bbox 205 1230 1331 1323; baseline 0.006 -26"><span class='ocrx_word' id='word_1_60' title='bbox 205 1230 241 1297; x_wconf 91' lang='lat' dir='ltr'>in</span> <span class='ocrx_word' id='word_1_61' title='bbox 254 1236 371 1303; x_wconf 85' lang='lat' dir='ltr'>finibus</span> <span class='ocrx_word' id='word_1_62' title='bbox 385 1237 597 1304; x_wconf 78' lang='lat' dir='ltr'>marchiarum</span> <span class='ocrx_word' id='word_1_63' title='bbox 652 1259 669 1302; x_wconf 89' lang='lat' dir='ltr'>r</span> <span class='ocrx_word' id='word_1_64' title='bbox 681 1237 860 1323; x_wconf 70' lang='lat' dir='ltr'>anglorum</span> <span class='ocrx_word' id='word_1_65' title='bbox 874 1237 1035 1302; x_wconf 87' lang='lat' dir='ltr'>maliciam</span> <span class='ocrx_word' id='word_1_66' title='bbox 1047 1243 1190 1323; x_wconf 86' lang='lat' dir='ltr'>tempora</span> <span class='ocrx_word' id='word_1_67' title='bbox 1203 1239 1331 1305; x_wconf 90' lang='lat' dir='ltr'>conflic-</span> 
     </span>
     <span class='ocr_line' id='line_1_10' title="bbox 204 1323 1330 1409; baseline 0.004 -25"><span class='ocrx_word' id='word_1_68' title='bbox 204 1326 298 1387; x_wconf 91' lang='lat' dir='ltr'>tuum</span> <span class='ocrx_word' id='word_1_69' title='bbox 323 1323 364 1389; x_wconf 90' lang='lat' dir='ltr'>de</span> <span class='ocrx_word' id='word_1_70' title='bbox 388 1325 515 1409; x_wconf 84' lang='lat' dir='ltr'>Neabyt</span> <span class='ocrx_word' id='word_1_71' title='bbox 539 1330 573 1390; x_wconf 84' lang='lat' dir='ltr'>et</span> <span class='ocrx_word' id='word_1_72' title='bbox 619 1346 638 1390; x_wconf 88' lang='lat' dir='ltr'>a</span> <span class='ocrx_word' id='word_1_73' title='bbox 663 1324 867 1389; x_wconf 89' lang='lat' dir='ltr'>Hammilton</span> <span class='ocrx_word' id='word_1_74' title='bbox 891 1330 985 1409; x_wconf 87' lang='lat' dir='ltr'>capta</span> <span class='ocrx_word' id='word_1_75' title='bbox 1001 1331 1034 1389; x_wconf 85' lang='lat' dir='ltr'>ct</span> <span class='ocrx_word' id='word_1_76' title='bbox 1048 1324 1178 1390; x_wconf 80' lang='lat' dir='ltr'>detenta</span> <span class='ocrx_word' id='word_1_77' title='bbox 1191 1325 1330 1402; x_wconf 82' lang='lat' dir='ltr'>luerunt,</span> 
     </span>
     <span class='ocr_line' id='line_1_11' title="bbox 204 1407 1330 1495; baseline 0.004 -25"><span class='ocrx_word' id='word_1_78' title='bbox 204 1407 274 1492; x_wconf 88' lang='lat' dir='ltr'>ipsc</span> <span class='ocrx_word' id='word_1_79' title='bbox 298 1411 491 1493; x_wconf 83' lang='lat' dir='ltr'>gubernator</span> <span class='ocrx_word' id='word_1_80' title='bbox 515 1411 626 1476; x_wconf 83' lang='lat' dir='ltr'>sedem</span> <span class='ocrx_word' id='word_1_81' title='bbox 651 1409 721 1476; x_wconf 88' lang='lat' dir='ltr'>loca</span> <span class='ocrx_word' id='word_1_82' title='bbox 745 1410 924 1476; x_wconf 86' lang='lat' dir='ltr'>obsedendo</span> <span class='ocrx_word' id='word_1_83' title='bbox 942 1411 1142 1495; x_wconf 83' lang='lat' dir='ltr'>recuperavit</span> <span class='ocrx_word' id='word_1_84' title='bbox 1163 1416 1196 1476; x_wconf 90' lang='lat' dir='ltr'>at</span> <span class='ocrx_word' id='word_1_85' title='bbox 1210 1411 1330 1475; x_wconf 89' lang='lat' dir='ltr'>dicioni</span> 
     </span>
     <span class='ocr_line' id='line_1_12' title="bbox 203 1496 1331 1582; baseline 0.001 -21"><span class='ocrx_word' id='word_1_86' title='bbox 203 1496 286 1580; x_wconf 83' lang='lat' dir='ltr'>regis</span> <span class='ocrx_word' id='word_1_87' title='bbox 315 1497 517 1582; x_wconf 87' lang='lat' dir='ltr'>subjugavit:</span> <span class='ocrx_word' id='word_1_88' title='bbox 551 1503 584 1563; x_wconf 86' lang='lat' dir='ltr'>at</span> <span class='ocrx_word' id='word_1_89' title='bbox 608 1497 772 1581; x_wconf 76' lang='lat' dir='ltr'>signanter</span> <span class='ocrx_word' id='word_1_90' title='bbox 799 1501 940 1563; x_wconf 85' lang='lat' dir='ltr'>castrum</span> <span class='ocrx_word' id='word_1_91' title='bbox 968 1498 1009 1563; x_wconf 89' lang='lat' dir='ltr'>ds</span> <span class='ocrx_word' id='word_1_92' title='bbox 1037 1497 1214 1582; x_wconf 81' lang='lat' dir='ltr'>Innyrvvik,</span> <span class='ocrx_word' id='word_1_93' title='bbox 1243 1496 1331 1582; x_wconf 85' lang='lat' dir='ltr'>qnod</span> 
     </span>
     <span class='ocr_line' id='line_1_13' title="bbox 204 1581 1330 1669; baseline 0.003 -24"><span class='ocrx_word' id='word_1_94' title='bbox 204 1581 351 1647; x_wconf 77' lang='lat' dir='ltr'>lundittm</span> <span class='ocrx_word' id='word_1_95' title='bbox 366 1583 407 1648; x_wconf 84' lang='lat' dir='ltr'>ad</span> <span class='ocrx_word' id='word_1_96' title='bbox 421 1583 550 1649; x_wconf 84' lang='lat' dir='ltr'>terram¹</span> <span class='ocrx_word' id='word_1_97' title='bbox 564 1583 754 1668; x_wconf 75' lang='lat' dir='ltr'>prostravit3</span> <span class='ocrx_word' id='word_1_98' title='bbox 775 1587 808 1649; x_wconf 85' lang='lat' dir='ltr'>st</span> <span class='ocrx_word' id='word_1_99' title='bbox 822 1582 938 1650; x_wconf 81' lang='lat' dir='ltr'>deinde</span> <span class='ocrx_word' id='word_1_100' title='bbox 946 1582 1038 1669; x_wconf 86' lang='lat' dir='ltr'>apud</span> <span class='ocrx_word' id='word_1_101' title='bbox 1052 1583 1183 1649; x_wconf 82' lang='lat' dir='ltr'>Ooklaw</span> <span class='ocrx_word' id='word_1_102' title='bbox 1193 1583 1234 1649; x_wconf 86' lang='lat' dir='ltr'>ad</span> <span class='ocrx_word' id='word_1_103' title='bbox 1244 1583 1330 1650; x_wconf 89' lang='lat' dir='ltr'>diem</span> 
     </span>
     <span class='ocr_line' id='line_1_14' title="bbox 202 1668 1330 1756; baseline 0.004 -24"><span class='ocrx_word' id='word_1_104' title='bbox 202 1668 371 1752; x_wconf 84' lang='lat' dir='ltr'>praefixum</span> <span class='ocrx_word' id='word_1_105' title='bbox 396 1689 470 1735; x_wconf 90' lang='lat' dir='ltr'>cum</span> <span class='ocrx_word' id='word_1_106' title='bbox 495 1669 638 1735; x_wconf 84' lang='lat' dir='ltr'>examito</span> <span class='ocrx_word' id='word_1_107' title='bbox 661 1669 843 1756; x_wconf 88' lang='lat' dir='ltr'>supradicto</span> <span class='ocrx_word' id='word_1_108' title='bbox 862 1691 896 1736; x_wconf 88' lang='lat' dir='ltr'>ss</span> <span class='ocrx_word' id='word_1_109' title='bbox 910 1671 1123 1755; x_wconf 66' lang='lat' dir='ltr'>presentavit.</span> <span class='ocrx_word' id='word_1_110' title='bbox 1167 1669 1239 1748; x_wconf 83' lang='lat' dir='ltr'>Sed,</span> <span class='ocrx_word' id='word_1_111' title='bbox 1253 1671 1330 1755; x_wconf 90' lang='lat' dir='ltr'>quia</span> 
     </span>
     <span class='ocr_line' id='line_1_15' title="bbox 202 1755 1330 1842; baseline 0.001 -22"><span class='ocrx_word' id='word_1_112' title='bbox 202 1775 314 1839; x_wconf 84' lang='lat' dir='ltr'>guerra</span> <span class='ocrx_word' id='word_1_113' title='bbox 328 1755 471 1821; x_wconf 86' lang='lat' dir='ltr'>mortalis</span> <span class='ocrx_word' id='word_1_114' title='bbox 485 1755 569 1821; x_wconf 88' lang='lat' dir='ltr'>inter</span> <span class='ocrx_word' id='word_1_115' title='bbox 582 1757 706 1822; x_wconf 87' lang='lat' dir='ltr'>dictum</span> <span class='ocrx_word' id='word_1_116' title='bbox 720 1757 897 1822; x_wconf 88' lang='lat' dir='ltr'>Hearicum</span> <span class='ocrx_word' id='word_1_117' title='bbox 916 1757 1018 1842; x_wconf 87' lang='lat' dir='ltr'>Psmy</span> <span class='ocrx_word' id='word_1_118' title='bbox 1031 1763 1066 1822; x_wconf 90' lang='lat' dir='ltr'>et</span> <span class='ocrx_word' id='word_1_119' title='bbox 1157 1778 1190 1822; x_wconf 94' lang='lat' dir='ltr'>m</span> <span class='ocrx_word' id='word_1_120' title='bbox 1211 1757 1330 1823; x_wconf 86' lang='lat' dir='ltr'>Hemi-</span> 
     </span>
     <span class='ocr_line' id='line_1_16' title="bbox 202 1841 1330 1929; baseline 0.002 -24"><span class='ocrx_word' id='word_1_121' title='bbox 202 1861 276 1906; x_wconf 92' lang='lat' dir='ltr'>cum</span> <span class='ocrx_word' id='word_1_122' title='bbox 301 1841 428 1924; x_wconf 79' lang='lat' dir='ltr'>Angliae</span> <span class='ocrx_word' id='word_1_123' title='bbox 452 1849 562 1908; x_wconf 85' lang='lat' dir='ltr'>exorta</span> <span class='ocrx_word' id='word_1_124' title='bbox 587 1849 644 1922; x_wconf 87' lang='lat' dir='ltr'>est,</span> <span class='ocrx_word' id='word_1_125' title='bbox 669 1843 774 1909; x_wconf 83' lang='lat' dir='ltr'>dictas</span> <span class='ocrx_word' id='word_1_126' title='bbox 803 1843 963 1909; x_wconf 85' lang='lat' dir='ltr'>Henriaus</span> <span class='ocrx_word' id='word_1_127' title='bbox 988 1843 1030 1908; x_wconf 89' lang='lat' dir='ltr'>ad</span> <span class='ocrx_word' id='word_1_128' title='bbox 1052 1864 1117 1929; x_wconf 83' lang='lat' dir='ltr'>prae</span> <span class='ocrx_word' id='word_1_129' title='bbox 1243 1844 1330 1909; x_wconf 88' lang='lat' dir='ltr'>diem</span> 
     </span>
     <span class='ocr_line' id='line_1_17' title="bbox 201 1927 1330 2015; baseline 0.004 -24"><span class='ocrx_word' id='word_1_130' title='bbox 201 1927 288 2011; x_wconf 88' lang='lat' dir='ltr'>apud</span> <span class='ocrx_word' id='word_1_131' title='bbox 314 1927 446 1993; x_wconf 84' lang='lat' dir='ltr'>Ooklav</span> <span class='ocrx_word' id='word_1_132' title='bbox 471 1949 651 2013; x_wconf 86' lang='lat' dir='ltr'>comparere</span> <span class='ocrx_word' id='word_1_133' title='bbox 672 1950 738 1995; x_wconf 92' lang='lat' dir='ltr'>non</span> <span class='ocrx_word' id='word_1_134' title='bbox 758 1930 900 2010; x_wconf 83' lang='lat' dir='ltr'>curavit3</span> <span class='ocrx_word' id='word_1_135' title='bbox 921 1929 978 1995; x_wconf 88' lang='lat' dir='ltr'>ssd</span> <span class='ocrx_word' id='word_1_136' title='bbox 999 1951 1073 1994; x_wconf 86' lang='lat' dir='ltr'>cum</span> <span class='ocrx_word' id='word_1_137' title='bbox 1094 1931 1330 2015; x_wconf 86' lang='lat' dir='ltr'>omnipotancia</span> 
     </span>
     <span class='ocr_line' id='line_1_18' title="bbox 202 2015 1330 2101; baseline 0.003 -23"><span class='ocrx_word' id='word_1_138' title='bbox 202 2033 261 2078; x_wconf 88' lang='lat' dir='ltr'>sua</span> <span class='ocrx_word' id='word_1_139' title='bbox 271 2021 382 2079; x_wconf 84' lang='lat' dir='ltr'>contm</span> <span class='ocrx_word' id='word_1_140' title='bbox 390 2035 496 2100; x_wconf 84' lang='lat' dir='ltr'>ragam</span> <span class='ocrx_word' id='word_1_141' title='bbox 506 2015 704 2100; x_wconf 85' lang='lat' dir='ltr'>praedictum,</span> <span class='ocrx_word' id='word_1_142' title='bbox 714 2015 833 2082; x_wconf 88' lang='lat' dir='ltr'>violato</span> <span class='ocrx_word' id='word_1_143' title='bbox 844 2015 1008 2081; x_wconf 85' lang='lat' dir='ltr'>fidelitatis</span> <span class='ocrx_word' id='word_1_144' title='bbox 1016 2023 1049 2081; x_wconf 87' lang='lat' dir='ltr'>at</span> <span class='ocrx_word' id='word_1_145' title='bbox 1058 2016 1330 2101; x_wconf 80' lang='lat' dir='ltr'>legiijuramanto,</span> 
     </span>
     <span class='ocr_line' id='line_1_19' title="bbox 202 2098 1330 2187; baseline 0.004 -24"><span class='ocrx_word' id='word_1_146' title='bbox 202 2098 289 2184; x_wconf 91' lang='lat' dir='ltr'>apud</span> <span class='ocrx_word' id='word_1_147' title='bbox 304 2100 428 2166; x_wconf 85' lang='lat' dir='ltr'>dictum</span> <span class='ocrx_word' id='word_1_148' title='bbox 441 2102 549 2168; x_wconf 92' lang='lat' dir='ltr'>locum</span> <span class='ocrx_word' id='word_1_149' title='bbox 559 2101 599 2168; x_wconf 89' lang='lat' dir='ltr'>de</span> <span class='ocrx_word' id='word_1_150' title='bbox 610 2101 836 2186; x_wconf 84' lang='lat' dir='ltr'>Schravisbery</span> <span class='ocrx_word' id='word_1_151' title='bbox 845 2103 881 2166; x_wconf 93' lang='lat' dir='ltr'>in</span> <span class='ocrx_word' id='word_1_152' title='bbox 891 2101 975 2167; x_wconf 91' lang='lat' dir='ltr'>bello</span> <span class='ocrx_word' id='word_1_153' title='bbox 986 2100 1168 2187; x_wconf 78' lang='lat' dir='ltr'>campestri¹</span> <span class='ocrx_word' id='word_1_154' title='bbox 1177 2102 1330 2168; x_wconf 82' lang='lat' dir='ltr'>adversus</span> 
     </span>
     <span class='ocr_line' id='line_1_20' title="bbox 201 2185 1330 2274; baseline 0.002 -24"><span class='ocrx_word' id='word_1_155' title='bbox 201 2185 381 2252; x_wconf 92' lang='lat' dir='ltr'>Dominum</span> <span class='ocrx_word' id='word_1_156' title='bbox 394 2193 428 2252; x_wconf 90' lang='lat' dir='ltr'>at</span> <span class='ocrx_word' id='word_1_157' title='bbox 440 2188 593 2254; x_wconf 85' lang='lat' dir='ltr'>adversus</span> <span class='ocrx_word' id='word_1_158' title='bbox 608 2188 772 2254; x_wconf 73' lang='lat' dir='ltr'>Christum</span> <span class='ocrx_word' id='word_1_159' title='bbox 794 2189 863 2272; x_wconf 87' lang='lat' dir='ltr'>ejus</span> <span class='ocrx_word' id='word_1_160' title='bbox 874 2207 908 2253; x_wconf 89' lang='lat' dir='ltr'>ss</span> <span class='ocrx_word' id='word_1_161' title='bbox 922 2187 1096 2272; x_wconf 82' lang='lat' dir='ltr'>prodiciosa</span> <span class='ocrx_word' id='word_1_162' title='bbox 1110 2188 1330 2274; x_wconf 82' lang='lat' dir='ltr'>praesentando</span> 
     </span>
     <span class='ocr_line' id='line_1_21' title="bbox 202 2271 1330 2359; baseline 0 -21"><span class='ocrx_word' id='word_1_163' title='bbox 202 2271 376 2338; x_wconf 74' lang='lat' dir='ltr'>rebellavit</span> <span class='ocrx_word' id='word_1_164' title='bbox 421 2274 516 2352; x_wconf 85' lang='lat' dir='ltr'>Quod</span> <span class='ocrx_word' id='word_1_165' title='bbox 540 2295 614 2340; x_wconf 90' lang='lat' dir='ltr'>cum</span> <span class='ocrx_word' id='word_1_166' title='bbox 638 2273 815 2340; x_wconf 78' lang='lat' dir='ltr'>audivisset</span> <span class='ocrx_word' id='word_1_167' title='bbox 839 2272 906 2338; x_wconf 87' lang='lat' dir='ltr'>dux</span> <span class='ocrx_word' id='word_1_168' title='bbox 925 2272 1073 2340; x_wconf 76' lang='lat' dir='ltr'>Albanis</span> <span class='ocrx_word' id='word_1_169' title='bbox 1086 2280 1120 2340; x_wconf 90' lang='lat' dir='ltr'>at</span> <span class='ocrx_word' id='word_1_170' title='bbox 1131 2275 1330 2359; x_wconf 81' lang='lat' dir='ltr'>gubernator,</span> 
     </span>
     <span class='ocr_line' id='line_1_22' title="bbox 202 2358 1330 2447; baseline 0.003 -24"><span class='ocrx_word' id='word_1_171' title='bbox 202 2358 374 2444; x_wconf 84' lang='lat' dir='ltr'>publicatis</span> <span class='ocrx_word' id='word_1_172' title='bbox 399 2359 500 2440; x_wconf 86' lang='lat' dir='ltr'>novis,</span> <span class='ocrx_word' id='word_1_173' title='bbox 514 2361 735 2447; x_wconf 86' lang='lat' dir='ltr'>unusquisque</span> <span class='ocrx_word' id='word_1_174' title='bbox 760 2381 904 2428; x_wconf 86' lang='lat' dir='ltr'>reversas</span> <span class='ocrx_word' id='word_1_175' title='bbox 918 2365 968 2427; x_wconf 85' lang='lat' dir='ltr'>cst</span> <span class='ocrx_word' id='word_1_176' title='bbox 986 2360 1022 2426; x_wconf 90' lang='lat' dir='ltr'>in</span> <span class='ocrx_word' id='word_1_177' title='bbox 1042 2381 1120 2446; x_wconf 84' lang='lat' dir='ltr'>pace</span> <span class='ocrx_word' id='word_1_178' title='bbox 1141 2361 1177 2426; x_wconf 94' lang='lat' dir='ltr'>in</span> <span class='ocrx_word' id='word_1_179' title='bbox 1199 2360 1330 2426; x_wconf 88' lang='lat' dir='ltr'>domum</span> 
     </span>
     <span class='ocr_line' id='line_1_23' title="bbox 202 2447 665 2532; baseline 0.004 -20"><span class='ocrx_word' id='word_1_180' title='bbox 202 2465 302 2524; x_wconf 85' lang='lat' dir='ltr'>suam,</span> <span class='ocrx_word' id='word_1_181' title='bbox 317 2447 538 2532; x_wconf 83' lang='lat' dir='ltr'>magnificans⁸</span> <span class='ocrx_word' id='word_1_182' title='bbox 550 2448 665 2514; x_wconf 87' lang='lat' dir='ltr'>Daum.</span> 
     </span>
    </p>
   </div>
   <div class='ocr_carea' id='block_1_3' title="bbox 242 2751 1294 2846">
    <p class='ocr_par' dir='ltr' id='par_1_3' title="bbox 242 2751 1294 2846">
     <span class='ocr_line' id='line_1_24' title="bbox 242 2751 1294 2846; baseline 0 -20"><span class='ocrx_word' id='word_1_183' title='bbox 242 2751 403 2841; x_wconf 66' lang='lat' dir='ltr'>§malim</span> <span class='ocrx_word' id='word_1_184' title='bbox 417 2760 453 2827; x_wconf 76' lang='lat' dir='ltr'>ba</span> <span class='ocrx_word' id='word_1_185' title='bbox 467 2759 552 2829; x_wconf 74' lang='lat' dir='ltr'>balla</span> <span class='ocrx_word' id='word_1_186' title='bbox 565 2762 601 2830; x_wconf 76' lang='lat' dir='ltr'>ba</span> <span class='ocrx_word' id='word_1_187' title='bbox 615 2756 854 2846; x_wconf 63' lang='lat' dir='ltr'>§manicham</span> <span class='ocrx_word' id='word_1_188' title='bbox 869 2779 938 2829; x_wconf 77' lang='lat' dir='ltr'>mar</span> <span class='ocrx_word' id='word_1_189' title='bbox 951 2757 1230 2829; x_wconf 61' lang='lat' dir='ltr'>maumas-a.</span> <span class='ocrx_word' id='word_1_190' title='bbox 1246 2779 1294 2826; x_wconf 81' lang='lat' dir='ltr'>xx.</span> 
     </span>
    </p>
   </div>
   <div class='ocr_carea' id='block_1_4' title="bbox 198 2909 1479 4145">
    <p class='ocr_par' dir='ltr' id='par_1_4' title="bbox 198 2909 1479 4145">
     <span class='ocr_line' id='line_1_25' title="bbox 200 2909 1479 3013; baseline 0.002 -15"><span class='ocrx_word' id='word_1_191' title='bbox 200 2909 382 3001; x_wconf 57' lang='lat' dir='ltr'>&amp;Inoa</span> <span class='ocrx_word' id='word_1_192' title='bbox 410 2956 532 3002; x_wconf 87' lang='lat' dir='ltr'>annum</span> <span class='ocrx_word' id='word_1_193' title='bbox 561 2935 695 3002; x_wconf 90' lang='lat' dir='ltr'>Domini</span> <span class='ocrx_word' id='word_1_194' title='bbox 718 2945 796 3002; x_wconf 65' lang='lat' dir='ltr'>nm</span> <span class='ocrx_word' id='word_1_195' title='bbox 811 2943 915 3001; x_wconf 63' lang='lat' dir='ltr'>ccccm</span> <span class='ocrx_word' id='word_1_196' title='bbox 933 2934 1078 3013; x_wconf 87' lang='lat' dir='ltr'>tercium,</span> <span class='ocrx_word' id='word_1_197' title='bbox 1105 2933 1265 3000; x_wconf 87' lang='lat' dir='ltr'>Hsnricns</span> <span class='ocrx_word' id='word_1_198' title='bbox 1291 2935 1332 3001; x_wconf 88' lang='lat' dir='ltr'>de</span> <span class='ocrx_word' id='word_1_199' title='bbox 1348 2952 1399 2992; x_wconf 75' lang='lat' dir='ltr'>an.</span> <span class='ocrx_word' id='word_1_200' title='bbox 1412 2939 1479 2990; x_wconf 76' lang='lat'>14⁰8·</span> 
     </span>
     <span class='ocr_line' id='line_1_26' title="bbox 199 3020 1331 3108; baseline 0.002 -23"><span class='ocrx_word' id='word_1_201' title='bbox 199 3021 300 3104; x_wconf 82' lang='lat' dir='ltr'>Pemy</span> <span class='ocrx_word' id='word_1_202' title='bbox 311 3022 429 3106; x_wconf 88' lang='lat' dir='ltr'>junior,</span> <span class='ocrx_word' id='word_1_203' title='bbox 444 3023 549 3089; x_wconf 87' lang='lat' dir='ltr'>dictas</span> <span class='ocrx_word' id='word_1_204' title='bbox 562 3023 604 3089; x_wconf 88' lang='lat' dir='ltr'>da</span> <span class='ocrx_word' id='word_1_205' title='bbox 618 3023 792 3108; x_wconf 85' lang='lat' dir='ltr'>Hatspura,</span> <span class='ocrx_word' id='word_1_206' title='bbox 805 3023 938 3088; x_wconf 84' lang='lat' dir='ltr'>collecta</span> <span class='ocrx_word' id='word_1_207' title='bbox 951 3020 1065 3108; x_wconf 84' lang='lat' dir='ltr'>grandi</span> <span class='ocrx_word' id='word_1_208' title='bbox 1076 3022 1219 3086; x_wconf 83' lang='lat' dir='ltr'>exercitu</span> <span class='ocrx_word' id='word_1_209' title='bbox 1229 3021 1331 3101; x_wconf 84' lang='lat' dir='ltr'>valde,</span> 
     </span>
     <span class='ocr_line' id='line_1_27' title="bbox 200 3105 1331 3194; baseline 0.002 -22"><span class='ocrx_word' id='word_1_210' title='bbox 200 3107 355 3173; x_wconf 84' lang='lat' dir='ltr'>similavit</span> <span class='ocrx_word' id='word_1_211' title='bbox 369 3129 404 3174; x_wconf 87' lang='lat' dir='ltr'>se</span> <span class='ocrx_word' id='word_1_212' title='bbox 426 3110 513 3194; x_wconf 88' lang='lat' dir='ltr'>apud</span> <span class='ocrx_word' id='word_1_213' title='bbox 536 3109 667 3176; x_wconf 83' lang='lat' dir='ltr'>Ooldaw</span> <span class='ocrx_word' id='word_1_214' title='bbox 690 3110 732 3176; x_wconf 85' lang='lat' dir='ltr'>ad</span> <span class='ocrx_word' id='word_1_215' title='bbox 754 3108 1027 3194; x_wconf 74' lang='lat' dir='ltr'>recuperationem</span> <span class='ocrx_word' id='word_1_216' title='bbox 1049 3105 1138 3173; x_wconf 87' lang='lat' dir='ltr'>illius</span> <span class='ocrx_word' id='word_1_217' title='bbox 1160 3107 1229 3173; x_wconf 90' lang='lat' dir='ltr'>sine</span> <span class='ocrx_word' id='word_1_218' title='bbox 1250 3108 1331 3174; x_wconf 85' lang='lat' dir='ltr'>dila-</span> 
     </span>
     <span class='ocr_line' id='line_1_28' title="bbox 198 3194 1330 3280; baseline 0.003 -23"><span class='ocrx_word' id='word_1_219' title='bbox 198 3194 291 3259; x_wconf 88' lang='lat' dir='ltr'>aione</span> <span class='ocrx_word' id='word_1_220' title='bbox 319 3195 448 3274; x_wconf 86' lang='lat' dir='ltr'>iturum,</span> <span class='ocrx_word' id='word_1_221' title='bbox 477 3196 554 3262; x_wconf 88' lang='lat' dir='ltr'>licat</span> <span class='ocrx_word' id='word_1_222' title='bbox 582 3197 675 3263; x_wconf 81' lang='lat' dir='ltr'>aliter</span> <span class='ocrx_word' id='word_1_223' title='bbox 702 3197 739 3263; x_wconf 92' lang='lat' dir='ltr'>in</span> <span class='ocrx_word' id='word_1_224' title='bbox 766 3202 875 3262; x_wconf 85' lang='lat' dir='ltr'>menta</span> <span class='ocrx_word' id='word_1_225' title='bbox 902 3200 1126 3280; x_wconf 85' lang='lat' dir='ltr'>proposuerat:</span> <span class='ocrx_word' id='word_1_226' title='bbox 1169 3215 1253 3274; x_wconf 86' lang='lat' dir='ltr'>nam,</span> <span class='ocrx_word' id='word_1_227' title='bbox 1289 3215 1330 3260; x_wconf 86' lang='lat' dir='ltr'>ax</span> 
     </span>
     <span class='ocr_line' id='line_1_29' title="bbox 199 3279 1331 3368; baseline 0.002 -24"><span class='ocrx_word' id='word_1_228' title='bbox 199 3279 343 3345; x_wconf 88' lang='lat' dir='ltr'>inimicia</span> <span class='ocrx_word' id='word_1_229' title='bbox 356 3281 502 3366; x_wconf 81' lang='lat' dir='ltr'>antiqua⁴</span> <span class='ocrx_word' id='word_1_230' title='bbox 512 3290 623 3348; x_wconf 73' lang='lat' dir='ltr'>conns</span> <span class='ocrx_word' id='word_1_231' title='bbox 635 3303 742 3368; x_wconf 83' lang='lat' dir='ltr'>regam</span> <span class='ocrx_word' id='word_1_232' title='bbox 756 3282 934 3348; x_wconf 86' lang='lat' dir='ltr'>Hemiaum</span> <span class='ocrx_word' id='word_1_233' title='bbox 948 3280 1131 3366; x_wconf 78' lang='lat' dir='ltr'>praehabitu,</span> <span class='ocrx_word' id='word_1_234' title='bbox 1142 3301 1184 3345; x_wconf 84' lang='lat' dir='ltr'>ex</span> <span class='ocrx_word' id='word_1_235' title='bbox 1197 3282 1331 3366; x_wconf 87' lang='lat' dir='ltr'>eoquod</span> 
     </span>
     <span class='ocr_line' id='line_1_30' title="bbox 199 3367 1330 3453; baseline 0.003 -23"><span class='ocrx_word' id='word_1_236' title='bbox 199 3385 234 3430; x_wconf 86' lang='lat' dir='ltr'>se</span> <span class='ocrx_word' id='word_1_237' title='bbox 248 3371 282 3431; x_wconf 89' lang='lat' dir='ltr'>et</span> <span class='ocrx_word' id='word_1_238' title='bbox 295 3373 418 3450; x_wconf 89' lang='lat' dir='ltr'>patrem</span> <span class='ocrx_word' id='word_1_239' title='bbox 432 3387 537 3446; x_wconf 88' lang='lat' dir='ltr'>suum,</span> <span class='ocrx_word' id='word_1_240' title='bbox 547 3369 725 3435; x_wconf 88' lang='lat' dir='ltr'>Hemicum</span> <span class='ocrx_word' id='word_1_241' title='bbox 739 3369 778 3433; x_wconf 90' lang='lat' dir='ltr'>da</span> <span class='ocrx_word' id='word_1_242' title='bbox 793 3370 894 3452; x_wconf 88' lang='lat' dir='ltr'>Peroy</span> <span class='ocrx_word' id='word_1_243' title='bbox 908 3367 1071 3445; x_wconf 83' lang='lat' dir='ltr'>seniorem,</span> <span class='ocrx_word' id='word_1_244' title='bbox 1094 3374 1204 3432; x_wconf 80' lang='lat' dir='ltr'>contra</span> <span class='ocrx_word' id='word_1_245' title='bbox 1224 3387 1330 3453; x_wconf 84' lang='lat' dir='ltr'>ragam</span> 
     </span>
     <span class='ocr_line' id='line_1_31' title="bbox 199 3451 1329 3539; baseline 0.005 -24"><span class='ocrx_word' id='word_1_246' title='bbox 199 3451 373 3516; x_wconf 71' lang='lat' dir='ltr'>Ricardum</span> <span class='ocrx_word' id='word_1_247' title='bbox 401 3451 581 3520; x_wconf 86' lang='lat' dir='ltr'>seducendo</span> <span class='ocrx_word' id='word_1_248' title='bbox 612 3455 793 3532; x_wconf 85' lang='lat' dir='ltr'>inducebat,</span> <span class='ocrx_word' id='word_1_249' title='bbox 822 3459 856 3520; x_wconf 84' lang='lat' dir='ltr'>et</span> <span class='ocrx_word' id='word_1_250' title='bbox 884 3453 986 3519; x_wconf 88' lang='lat' dir='ltr'>multa</span> <span class='ocrx_word' id='word_1_251' title='bbox 1014 3453 1077 3518; x_wconf 87' lang='lat' dir='ltr'>sibi</span> <span class='ocrx_word' id='word_1_252' title='bbox 1113 3453 1329 3539; x_wconf 84' lang='lat' dir='ltr'>promittendo</span> 
     </span>
     <span class='ocr_line' id='line_1_32' title="bbox 199 3537 1329 3626; baseline 0.004 -24"><span class='ocrx_word' id='word_1_253' title='bbox 199 3537 333 3603; x_wconf 89' lang='lat' dir='ltr'>minime</span> <span class='ocrx_word' id='word_1_254' title='bbox 346 3538 565 3624; x_wconf 79' lang='lat' dir='ltr'>perimplebat,</span> <span class='ocrx_word' id='word_1_255' title='bbox 580 3540 621 3605; x_wconf 88' lang='lat' dir='ltr'>ud</span> <span class='ocrx_word' id='word_1_256' title='bbox 635 3539 896 3605; x_wconf 84' lang='lat' dir='ltr'>confundendum</span> <span class='ocrx_word' id='word_1_257' title='bbox 915 3545 948 3605; x_wconf 90' lang='lat' dir='ltr'>et</span> <span class='ocrx_word' id='word_1_258' title='bbox 961 3541 1092 3606; x_wconf 93' lang='lat' dir='ltr'>omnino</span> <span class='ocrx_word' id='word_1_259' title='bbox 1106 3539 1329 3626; x_wconf 87' lang='lat' dir='ltr'>deponendum</span> 
     </span>
     <span class='ocr_line' id='line_1_33' title="bbox 199 3623 1329 3750; baseline 0.003 -62"><span class='ocrx_word' id='word_1_260' title='bbox 199 3623 323 3689; x_wconf 87' lang='lat' dir='ltr'>dictum</span> <span class='ocrx_word' id='word_1_261' title='bbox 351 3645 456 3726; x_wconf 73' lang='lat' dir='ltr'>regem</span> <span class='ocrx_word' id='word_1_262' title='bbox 493 3625 682 3726; x_wconf 44' lang='lat' dir='ltr'>Hauricam·</span> <span class='ocrx_word' id='word_1_263' title='bbox 700 3625 848 3750; x_wconf 73' lang='lat' dir='ltr'>ompibus</span> <span class='ocrx_word' id='word_1_264' title='bbox 876 3625 999 3692; x_wconf 87' lang='lat' dir='ltr'>viribus</span> <span class='ocrx_word' id='word_1_265' title='bbox 1027 3627 1231 3713; x_wconf 87' lang='lat' dir='ltr'>pmponebat.</span> <span class='ocrx_word' id='word_1_266' title='bbox 1275 3626 1329 3691; x_wconf 84' lang='lat' dir='ltr'>Ad</span> 
     </span>
     <span class='ocr_line' id='line_1_34' title="bbox 198 3711 1328 3877; baseline 0.001 -15"><span class='ocrx_word' id='word_1_267' title='bbox 198 3713 765 3877; x_wconf 44' lang='lat' dir='ltr'>subsannanti,</span> <span class='ocrx_word' id='word_1_268' title='bbox 780 3711 1328 3866; x_wconf 55' lang='lat' dir='ltr'>ctltttitbautbbl:</span> 
     </span>
     <span class='ocr_line' id='line_1_35' title="bbox 198 3883 1328 3972; baseline 0.001 -22"><span class='ocrx_word' id='word_1_269' title='bbox 198 3883 278 3964; x_wconf 88' lang='lat' dir='ltr'>dale,</span> <span class='ocrx_word' id='word_1_270' title='bbox 292 3905 349 3969; x_wconf 87' lang='lat' dir='ltr'>per</span> <span class='ocrx_word' id='word_1_271' title='bbox 370 3905 479 3950; x_wconf 89' lang='lat' dir='ltr'>eorum</span> <span class='ocrx_word' id='word_1_272' title='bbox 500 3885 618 3966; x_wconf 84' lang='lat' dir='ltr'>literas,</span> <span class='ocrx_word' id='word_1_273' title='bbox 631 3885 745 3972; x_wconf 86' lang='lat' dir='ltr'>sigillis</span> <span class='ocrx_word' id='word_1_274' title='bbox 769 3906 878 3952; x_wconf 90' lang='lat' dir='ltr'>eorum</span> <span class='ocrx_word' id='word_1_275' title='bbox 899 3883 1068 3965; x_wconf 85' lang='lat' dir='ltr'>roboratas,</span> <span class='ocrx_word' id='word_1_276' title='bbox 1090 3885 1232 3951; x_wconf 74' lang='lat' dir='ltr'>&lt;limatas</span> <span class='ocrx_word' id='word_1_277' title='bbox 1253 3905 1328 3951; x_wconf 88' lang='lat' dir='ltr'>eum</span> 
     </span>
     <span class='ocr_line' id='line_1_36' title="bbox 198 3969 1327 4059; baseline 0.002 -24"><span class='ocrx_word' id='word_1_278' title='bbox 198 3991 347 4036; x_wconf 88' lang='lat' dir='ltr'>coronam</span> <span class='ocrx_word' id='word_1_279' title='bbox 361 3970 494 4056; x_wconf 81' lang='lat' dir='ltr'>injusto⁷</span> <span class='ocrx_word' id='word_1_280' title='bbox 503 3978 537 4039; x_wconf 90' lang='lat' dir='ltr'>st</span> <span class='ocrx_word' id='word_1_281' title='bbox 549 3971 660 4059; x_wconf 86' lang='lat' dir='ltr'>iniqua</span> <span class='ocrx_word' id='word_1_282' title='bbox 671 3993 850 4058; x_wconf 76' lang='lat' dir='ltr'>usurpasse,</span> <span class='ocrx_word' id='word_1_283' title='bbox 860 3976 893 4038; x_wconf 85' lang='lat' dir='ltr'>st</span> <span class='ocrx_word' id='word_1_284' title='bbox 903 3969 1091 4057; x_wconf 77' lang='lat' dir='ltr'>praedictum</span> <span class='ocrx_word' id='word_1_285' title='bbox 1101 3991 1207 4056; x_wconf 83' lang='lat' dir='ltr'>regem</span> <span class='ocrx_word' id='word_1_286' title='bbox 1217 3971 1327 4037; x_wconf 84' lang='lat' dir='ltr'>Ricar-</span> 
     </span>
     <span class='ocr_line' id='line_1_37' title="bbox 198 4057 1326 4145; baseline 0.003 -23"><span class='ocrx_word' id='word_1_287' title='bbox 198 4058 277 4123; x_wconf 90' lang='lat' dir='ltr'>dum</span> <span class='ocrx_word' id='word_1_288' title='bbox 298 4059 446 4143; x_wconf 89' lang='lat' dir='ltr'>nsqaiter</span> <span class='ocrx_word' id='word_1_289' title='bbox 466 4059 658 4145; x_wconf 85' lang='lat' dir='ltr'>deposuisse,</span> <span class='ocrx_word' id='word_1_290' title='bbox 679 4067 790 4127; x_wconf 86' lang='lat' dir='ltr'>contra</span> <span class='ocrx_word' id='word_1_291' title='bbox 814 4059 910 4125; x_wconf 86' lang='lat' dir='ltr'>fidem</span> <span class='ocrx_word' id='word_1_292' title='bbox 936 4064 970 4126; x_wconf 89' lang='lat' dir='ltr'>at</span> <span class='ocrx_word' id='word_1_293' title='bbox 993 4057 1186 4143; x_wconf 82' lang='lat' dir='ltr'>promissam</span> <span class='ocrx_word' id='word_1_294' title='bbox 1209 4058 1326 4142; x_wconf 86' lang='lat' dir='ltr'>quibus</span> 
     </span>
    </p>
   </div>
   <div class='ocr_carea' id='block_1_5' title="bbox 243 4240 1303 4518">
    <p class='ocr_par' dir='ltr' id='par_1_5' title="bbox 243 4240 1303 4383">
     <span class='ocr_line' id='line_1_38' title="bbox 245 4240 1303 4310; baseline 0 -14"><span class='ocrx_word' id='word_1_295' title='bbox 245 4241 297 4296; x_wconf 80' lang='lat'>¹0.</span> <span class='ocrx_word' id='word_1_296' title='bbox 311 4243 340 4296; x_wconf 79' lang='grc' dir='ltr'>Ε.</span> <span class='ocrx_word' id='word_1_297' title='bbox 354 4243 535 4310; x_wconf 79' lang='lat' dir='ltr'>uddcaptam.</span> <span class='ocrx_word' id='word_1_298' title='bbox 977 4240 1028 4294; x_wconf 80' lang='lat'>¹0.</span> <span class='ocrx_word' id='word_1_299' title='bbox 1042 4241 1072 4292; x_wconf 81' lang='grc' dir='ltr'>Ε.</span> <span class='ocrx_word' id='word_1_300' title='bbox 1086 4242 1140 4293; x_wconf 79' lang='lat' dir='ltr'>add</span> <span class='ocrx_word' id='word_1_301' title='bbox 1151 4243 1180 4293; x_wconf 86' lang='lat' dir='ltr'>st</span> <span class='ocrx_word' id='word_1_302' title='bbox 1191 4245 1303 4296; x_wconf 86' lang='lat' dir='ltr'>mortali</span> 
     </span>
     <span class='ocr_line' id='line_1_39' title="bbox 243 4310 1159 4383; baseline -0.004 -17"><span class='ocrx_word' id='word_1_303' title='bbox 243 4313 255 4348; x_wconf 83' lang='lat'><strong>³</strong></span> <span class='ocrx_word' id='word_1_304' title='bbox 267 4315 296 4366; x_wconf 83' lang='lat' dir='ltr'>O.</span> <span class='ocrx_word' id='word_1_305' title='bbox 310 4315 340 4364; x_wconf 82' lang='grc' dir='ltr'>Ε.</span> <span class='ocrx_word' id='word_1_306' title='bbox 354 4315 409 4366; x_wconf 76' lang='lat' dir='ltr'>cdd</span> <span class='ocrx_word' id='word_1_307' title='bbox 421 4319 449 4367; x_wconf 88' lang='lat' dir='ltr'>at</span> <span class='ocrx_word' id='word_1_308' title='bbox 460 4315 614 4383; x_wconf 71' lang='lat' dir='ltr'>glorificum</span> <span class='ocrx_word' id='word_1_309' title='bbox 978 4310 990 4346; x_wconf 86' lang='lat'><strong>⁴</strong></span> <span class='ocrx_word' id='word_1_310' title='bbox 1003 4312 1029 4364; x_wconf 82' lang='lat'>0.</span> <span class='ocrx_word' id='word_1_311' title='bbox 1044 4311 1159 4378; x_wconf 84' lang='lat' dir='ltr'>antiqua.</span> 
     </span>
    </p>

    <p class='ocr_par' dir='ltr' id='par_1_6' title="bbox 245 4382 808 4453">
     <span class='ocr_line' id='line_1_40' title="bbox 245 4382 808 4453; baseline 0.005 -19"><span class='ocrx_word' id='word_1_312' title='bbox 245 4382 257 4418; x_wconf 77' lang='lat'>⁵</span> <span class='ocrx_word' id='word_1_313' title='bbox 269 4383 571 4438; x_wconf 83' lang='lat' dir='ltr'>omnibus-Hauricum</span> <span class='ocrx_word' id='word_1_314' title='bbox 583 4389 610 4439; x_wconf 83' lang='lat' dir='ltr'>in</span> <span class='ocrx_word' id='word_1_315' title='bbox 622 4389 724 4453; x_wconf 74' lang='lat' dir='ltr'>mcrpla</span> <span class='ocrx_word' id='word_1_316' title='bbox 736 4385 808 4439; x_wconf 84' lang='lat' dir='ltr'>later.</span> 
     </span>
    </p>

    <p class='ocr_par' dir='ltr' id='par_1_7' title="bbox 244 4449 1161 4518">
     <span class='ocr_line' id='line_1_41' title="bbox 244 4449 1161 4518; baseline -0.002 -10"><span class='ocrx_word' id='word_1_317' title='bbox 244 4452 296 4508; x_wconf 77' lang='lat'>⁰0.</span> <span class='ocrx_word' id='word_1_318' title='bbox 310 4456 341 4507; x_wconf 79' lang='lat' dir='ltr'>n.</span> <span class='ocrx_word' id='word_1_319' title='bbox 354 4455 495 4508; x_wconf 78' lang='lat' dir='ltr'>Stcliurda</span> <span class='ocrx_word' id='word_1_320' title='bbox 977 4449 1026 4504; x_wconf 79' lang='lat'>⁷0.</span> <span class='ocrx_word' id='word_1_321' title='bbox 1040 4451 1161 4518; x_wconf 78' lang='lat' dir='ltr'>injustat.</span> 
     </span>
    </p>
   </div>
   <div class='ocr_carea' id='block_1_6' title="bbox 0 0 1624 5130">
    <p class='ocr_par' dir='ltr' id='par_1_8' title="bbox 0 0 1624 5130">
     <span class='ocr_line' id='line_1_42' title="bbox 0 0 1624 5130; baseline 0 3"><span class='ocrx_word' id='word_1_322' title='bbox 0 0 1624 5130; x_wconf 95' lang='lat' dir='ltr'> </span> 
     </span>
    </p>
   </div>
  </div>
 </body>
</html>
